Activity Date,Process Date,Settle Date,Account Type,Instrument,Description,Trans Code,Quantity,Price,Amount,Suppressed,Running Balance
02/03/2023,02/03/2023,02/06/2023,Margin,--,Option Expiration for DLTR 2023-02-03 call $165.00,OEXP,2S,,--,N,$412.48
02/03/2023,02/03/2023,02/06/2023,Margin,--,Option Expiration for DLTR 2023-02-03 call $160.00,OEXP,10S,,--,N,$412.48
02/03/2023,02/03/2023,02/06/2023,Margin,META,META 2023-02-03 Call $195.00,STC,-5,$0.02,$9.98,N,$412.48
02/03/2023,02/03/2023,02/06/2023,Margin,META,META 2023-02-03 Call $195.00,STC,-2,$0.02,$3.98,N,$402.50
02/03/2023,02/03/2023,02/06/2023,Margin,META,META 2023-02-03 Call $195.00,STC,-1,$0.02,$1.98,N,$398.52
02/03/2023,02/03/2023,02/06/2023,Margin,META,META 2023-02-03 Call $195.00,STC,-8,$0.02,$15.97,N,$396.54
02/03/2023,02/03/2023,02/06/2023,Margin,META,META 2023-02-03 Call $195.00,STC,-13,$0.02,$25.96,N,$380.57
02/03/2023,02/03/2023,02/06/2023,Margin,META,META 2023-02-03 Call $195.00,STC,-1,$0.02,$1.98,N,$354.61
02/03/2023,02/03/2023,02/06/2023,Margin,META,META 2023-02-03 Call $195.00,STC,-14,$0.02,$27.96,N,$352.63
02/03/2023,02/03/2023,02/06/2023,Margin,META,META 2023-02-03 Call $195.00,STC,-1,$0.02,$1.98,N,$324.67
02/03/2023,02/03/2023,02/06/2023,Margin,META,META 2023-02-03 Call $195.00,STC,-43,$0.02,$85.89,N,$322.69
02/03/2023,02/03/2023,02/06/2023,Margin,META,META 2023-02-03 Call $195.00,STC,-1,$0.02,$1.98,N,$236.80
02/03/2023,02/03/2023,02/06/2023,Margin,META,META 2023-02-03 Call $195.00,STC,-2,$0.02,$3.98,N,$234.82
02/03/2023,02/03/2023,02/06/2023,Margin,META,META 2023-02-03 Call $195.00,STC,-9,$0.02,$17.97,N,$230.84
02/03/2023,02/03/2023,02/06/2023,Margin,META,META 2023-02-03 Call $195.00,BTO,100,$0.05,($500.00),N,$212.87
02/03/2023,02/03/2023,02/06/2023,Margin,AMZN,AMZN 2023-02-03 Put $104.00,STC,-14,$0.45,$629.95,N,$712.87
02/03/2023,02/03/2023,02/06/2023,Margin,AMZN,AMZN 2023-02-03 Put $104.00,STC,-1,$0.45,$44.98,N,$82.92
02/03/2023,02/03/2023,02/06/2023,Margin,AMZN,AMZN 2023-02-03 Put $104.00,BTO,1,$0.29,($29.00),N,$37.94
02/03/2023,02/03/2023,02/06/2023,Margin,AMZN,AMZN 2023-02-03 Put $104.00,BTO,2,$0.29,($58.00),N,$66.94
02/03/2023,02/03/2023,02/06/2023,Margin,AMZN,AMZN 2023-02-03 Put $104.00,BTO,5,$0.29,($145.00),N,$124.94
02/03/2023,02/03/2023,02/06/2023,Margin,AMZN,AMZN 2023-02-03 Put $104.00,BTO,7,$0.29,($203.00),N,$269.94
02/03/2023,02/03/2023,02/06/2023,Margin,DIA,DIA 2023-02-03 Call $342.00,STC,-50,$0.08,$399.87,N,$472.94
02/03/2023,02/03/2023,02/06/2023,Margin,DIA,DIA 2023-02-03 Call $342.00,BTO,3,$0.39,($117.00),N,$73.07
02/03/2023,02/03/2023,02/06/2023,Margin,DIA,DIA 2023-02-03 Call $342.00,BTO,1,$0.39,($39.00),N,$190.07
02/03/2023,02/03/2023,02/06/2023,Margin,DIA,DIA 2023-02-03 Call $342.00,BTO,4,$0.39,($156.00),N,$229.07
02/03/2023,02/03/2023,02/06/2023,Margin,DIA,DIA 2023-02-03 Call $342.00,BTO,1,$0.39,($39.00),N,$385.07
02/03/2023,02/03/2023,02/06/2023,Margin,DIA,DIA 2023-02-03 Call $342.00,BTO,1,$0.39,($39.00),N,$424.07
02/03/2023,02/03/2023,02/06/2023,Margin,DIA,DIA 2023-02-03 Call $342.00,BTO,1,$0.40,($40.00),N,$463.07
02/03/2023,02/03/2023,02/06/2023,Margin,DIA,DIA 2023-02-03 Call $342.00,BTO,6,$0.40,($240.00),N,$503.07
02/03/2023,02/03/2023,02/06/2023,Margin,DIA,DIA 2023-02-03 Call $342.00,BTO,9,$0.40,($360.00),N,$743.07
02/03/2023,02/03/2023,02/06/2023,Margin,DIA,DIA 2023-02-03 Call $342.00,BTO,8,$0.40,($320.00),N,"$1,103.07"
02/03/2023,02/03/2023,02/06/2023,Margin,DIA,DIA 2023-02-03 Call $342.00,BTO,16,$0.40,($640.00),N,"$1,423.07"
02/03/2023,02/03/2023,02/06/2023,Margin,DIA,DIA 2023-02-03 Call $342.00,STC,-5,$0.26,$129.98,N,"$2,063.07"
02/03/2023,02/03/2023,02/06/2023,Margin,DIA,DIA 2023-02-03 Call $342.00,STC,-8,$0.26,$207.97,N,"$1,933.09"
02/03/2023,02/03/2023,02/06/2023,Margin,DIA,DIA 2023-02-03 Call $342.00,STC,-7,$0.26,$181.97,N,"$1,725.12"
02/03/2023,02/03/2023,02/06/2023,Margin,DIA,DIA 2023-02-03 Call $342.00,STC,-8,$0.26,$207.97,N,"$1,543.15"
02/03/2023,02/03/2023,02/06/2023,Margin,DIA,DIA 2023-02-03 Call $342.00,STC,-1,$0.26,$25.98,N,"$1,335.18"
02/03/2023,02/03/2023,02/06/2023,Margin,DIA,DIA 2023-02-03 Call $342.00,STC,-11,$0.26,$285.96,N,"$1,309.20"
02/03/2023,02/03/2023,02/06/2023,Margin,DIA,DIA 2023-02-03 Call $342.00,BTO,40,$0.44,"($1,760.00)",N,"$1,023.24"
02/03/2023,02/03/2023,02/06/2023,Margin,DIA,DIA 2023-02-03 Call $342.00,STC,-5,$0.32,$159.98,N,"$2,783.24"
02/03/2023,02/03/2023,02/06/2023,Margin,DIA,DIA 2023-02-03 Call $342.00,STC,-19,$0.32,$607.93,N,"$2,623.26"
02/03/2023,02/03/2023,02/06/2023,Margin,DIA,DIA 2023-02-03 Call $342.00,STC,-16,$0.32,$511.94,N,"$2,015.33"
02/03/2023,02/03/2023,02/06/2023,Margin,DIA,DIA 2023-02-03 Call $342.00,BTO,40,$0.52,"($2,080.00)",N,"$1,503.39"
02/03/2023,02/03/2023,02/06/2023,Margin,AMZN,AMZN 2023-02-03 Call $110.00,STC,-2,$0.42,$83.98,N,"$3,583.39"
02/03/2023,02/03/2023,02/06/2023,Margin,AMZN,AMZN 2023-02-03 Call $110.00,STC,-11,$0.42,$461.95,N,"$3,499.41"
02/03/2023,02/03/2023,02/06/2023,Margin,AMZN,AMZN 2023-02-03 Call $110.00,STC,-9,$0.42,$377.97,N,"$3,037.46"
02/03/2023,02/03/2023,02/06/2023,Margin,AMZN,AMZN 2023-02-03 Call $110.00,STC,-2,$0.42,$83.98,N,"$2,659.49"
02/03/2023,02/03/2023,02/06/2023,Margin,AMZN,AMZN 2023-02-03 Call $110.00,STC,-1,$0.42,$41.98,N,"$2,575.51"
02/03/2023,02/03/2023,02/06/2023,Margin,AMZN,AMZN 2023-02-03 Call $110.00,STC,-11,$0.42,$461.95,N,"$2,533.53"
02/03/2023,02/03/2023,02/06/2023,Margin,AMZN,AMZN 2023-02-03 Call $110.00,STC,-4,$0.42,$167.98,N,"$2,071.58"
02/03/2023,02/03/2023,02/06/2023,Margin,AMZN,AMZN 2023-02-03 Call $110.00,STC,-10,$0.47,$469.96,N,"$1,903.60"
02/03/2023,02/03/2023,02/06/2023,Margin,AMZN,AMZN 2023-02-03 Call $110.00,BTO,19,$0.51,($969.00),N,"$1,433.64"
02/03/2023,02/03/2023,02/06/2023,Margin,AMZN,AMZN 2023-02-03 Call $110.00,BTO,10,$0.51,($510.00),N,"$2,402.64"
02/03/2023,02/03/2023,02/06/2023,Margin,AMZN,AMZN 2023-02-03 Call $110.00,BTO,10,$0.51,($510.00),N,"$2,912.64"
02/03/2023,02/03/2023,02/06/2023,Margin,AMZN,AMZN 2023-02-03 Call $110.00,BTO,1,$0.51,($51.00),N,"$3,422.64"
02/03/2023,02/03/2023,02/06/2023,Margin,AMZN,AMZN 2023-02-03 Call $110.00,BTO,10,$0.51,($510.00),N,"$3,473.64"
02/03/2023,02/03/2023,02/06/2023,Margin,AMZN,AMZN 2023-02-03 Call $109.00,STC,-11,$0.79,$868.95,N,"$3,983.64"
02/03/2023,02/03/2023,02/06/2023,Margin,AMZN,AMZN 2023-02-03 Call $109.00,STC,-11,$0.79,$868.95,N,"$3,114.69"
02/03/2023,02/03/2023,02/06/2023,Margin,AMZN,AMZN 2023-02-03 Call $109.00,STC,-18,$0.79,"$1,421.92",N,"$2,245.74"
02/03/2023,02/03/2023,02/06/2023,Margin,AMZN,AMZN 2023-02-03 Call $109.00,BTO,9,$0.64,($576.00),N,$823.82
02/03/2023,02/03/2023,02/06/2023,Margin,AMZN,AMZN 2023-02-03 Call $109.00,BTO,1,$0.64,($64.00),N,"$1,399.82"
02/03/2023,02/03/2023,02/06/2023,Margin,AMZN,AMZN 2023-02-03 Call $109.00,BTO,10,$0.68,($680.00),N,"$1,463.82"
02/03/2023,02/03/2023,02/06/2023,Margin,AMZN,AMZN 2023-02-03 Call $109.00,BTO,20,$0.64,"($1,280.00)",N,"$2,143.82"
02/03/2023,02/03/2023,02/06/2023,Margin,NFLX,NFLX 2023-02-03 Call $372.50,STC,-19,$1.10,"$2,089.90",N,"$3,423.82"
02/03/2023,02/03/2023,02/06/2023,Margin,NFLX,NFLX 2023-02-03 Call $372.50,STC,-1,$1.10,$109.98,N,"$1,333.92"
02/03/2023,02/03/2023,02/06/2023,Margin,NFLX,NFLX 2023-02-03 Call $372.50,BTO,2,$0.65,($130.00),N,"$1,223.94"
02/03/2023,02/03/2023,02/06/2023,Margin,NFLX,NFLX 2023-02-03 Call $372.50,BTO,1,$0.65,($65.00),N,"$1,353.94"
02/03/2023,02/03/2023,02/06/2023,Margin,NFLX,NFLX 2023-02-03 Call $372.50,BTO,1,$0.65,($65.00),N,"$1,418.94"
02/03/2023,02/03/2023,02/06/2023,Margin,NFLX,NFLX 2023-02-03 Call $372.50,BTO,1,$0.65,($65.00),N,"$1,483.94"
02/03/2023,02/03/2023,02/06/2023,Margin,NFLX,NFLX 2023-02-03 Call $372.50,BTO,1,$0.65,($65.00),N,"$1,548.94"
02/03/2023,02/03/2023,02/06/2023,Margin,NFLX,NFLX 2023-02-03 Call $372.50,BTO,5,$0.65,($325.00),N,"$1,613.94"
02/03/2023,02/03/2023,02/06/2023,Margin,NFLX,NFLX 2023-02-03 Call $372.50,BTO,1,$0.65,($65.00),N,"$1,938.94"
02/03/2023,02/03/2023,02/06/2023,Margin,NFLX,NFLX 2023-02-03 Call $372.50,BTO,8,$0.65,($520.00),N,"$2,003.94"
02/02/2023,02/02/2023,02/03/2023,Margin,DLTR,DLTR 2023-02-03 Call $160.00,BTO,7,$0.18,($126.00),N,"$2,523.94"
02/02/2023,02/02/2023,02/03/2023,Margin,DLTR,DLTR 2023-02-03 Call $160.00,BTO,3,$0.41,($123.00),N,"$2,649.94"
02/02/2023,02/02/2023,02/03/2023,Margin,DLTR,DLTR 2023-02-03 Call $160.00,STC,-2,$0.38,$75.98,N,"$2,772.94"
02/02/2023,02/02/2023,02/03/2023,Margin,DLTR,DLTR 2023-02-03 Call $160.00,STC,-18,$0.38,$683.94,N,"$2,696.96"
02/02/2023,02/02/2023,02/03/2023,Margin,DLTR,DLTR 2023-02-03 Call $160.00,BTO,20,$0.40,($800.00),N,"$2,013.02"
02/02/2023,02/02/2023,02/02/2023,Margin,,ACH Withdrawal,ACH,--,,($900.00),N,"$2,813.02"
02/02/2023,02/02/2023,02/03/2023,Margin,DLTR,DLTR 2023-02-03 Call $160.00,STC,-40,$0.24,$959.87,N,"$3,713.02"
02/02/2023,02/02/2023,02/03/2023,Margin,ADI,ADI 2023-02-03 Call $180.00,STC,-30,$0.70,"$2,099.88",N,"$2,753.15"
02/02/2023,02/02/2023,02/03/2023,Margin,ADI,ADI 2023-02-03 Call $180.00,BTO,5,$0.66,($330.00),N,$653.27
02/02/2023,02/02/2023,02/03/2023,Margin,ADI,ADI 2023-02-03 Call $180.00,BTO,5,$0.66,($330.00),N,$983.27
02/02/2023,02/02/2023,02/03/2023,Margin,ADI,ADI 2023-02-03 Call $180.00,BTO,10,$0.58,($580.00),N,"$1,313.27"
02/02/2023,02/02/2023,02/03/2023,Margin,ADI,ADI 2023-02-03 Call $180.00,BTO,9,$0.70,($630.00),N,"$1,893.27"
02/02/2023,02/02/2023,02/03/2023,Margin,ADI,ADI 2023-02-03 Call $180.00,BTO,1,$0.70,($70.00),N,"$2,523.27"
02/01/2023,02/01/2023,02/01/2023,Margin,,ACH Withdrawal,ACH,--,,"($2,000.00)",N,"$2,593.27"
02/01/2023,02/01/2023,02/01/2023,Margin,,Instant bank transfer - withdrawal fee,RTP,--,,($13.50),N,"$4,593.27"
02/01/2023,02/01/2023,02/01/2023,Margin,,Instant bank transfer - account ending in 0187,RTP,--,,($886.50),N,"$4,606.77"
02/01/2023,02/01/2023,02/02/2023,Margin,ADI,ADI 2023-02-03 Call $177.50,STC,-24,$2.20,"$5,279.81",N,"$5,493.27"
02/01/2023,02/01/2023,02/02/2023,Margin,SPY,SPY 2023-02-01 Call $409.00,STC,-1,$2.02,$201.98,N,$213.46
02/01/2023,02/01/2023,02/02/2023,Margin,ADI,ADI 2023-02-03 Call $177.50,BTO,2,$0.72,($144.00),N,$11.48
02/01/2023,02/01/2023,02/02/2023,Margin,ADI,ADI 2023-02-03 Call $177.50,BTO,2,$0.75,($150.00),N,$155.48
02/01/2023,02/01/2023,02/02/2023,Margin,ADI,ADI 2023-02-03 Call $177.50,BTO,6,$0.70,($420.00),N,$305.48
02/01/2023,02/01/2023,02/02/2023,Margin,ADI,ADI 2023-02-03 Call $177.50,BTO,2,$0.75,($150.00),N,$725.48
02/01/2023,02/01/2023,02/01/2023,Margin,,ACH Deposit,ACH,--,,$850.00,N,$875.48
01/31/2023,01/31/2023,02/01/2023,Margin,--,Option Expiration for SPY 2023-01-31 call $410.00,OEXP,18S,,--,N,$25.48
01/31/2023,01/31/2023,02/01/2023,Margin,--,Option Expiration for SPY 2023-01-31 call $408.00,OEXP,10S,,--,N,$25.48
01/31/2023,01/31/2023,02/01/2023,Margin,ADI,ADI 2023-02-03 Call $177.50,BTO,1,$0.39,($39.00),N,$25.48
01/31/2023,01/31/2023,02/01/2023,Margin,ADI,ADI 2023-02-03 Call $177.50,BTO,11,$0.37,($407.00),N,$64.48
01/31/2023,01/31/2023,01/31/2023,Margin,,ACH Deposit,ACH,--,,$470.00,N,$471.48
01/31/2023,01/31/2023,02/01/2023,Margin,SPY,SPY 2023-01-31 Call $408.00,BTO,1,$0.03,($3.00),N,$1.48
01/31/2023,01/31/2023,02/01/2023,Margin,SPY,SPY 2023-01-31 Call $408.00,BTO,2,$0.03,($6.00),N,$4.48
01/31/2023,01/31/2023,02/01/2023,Margin,SPY,SPY 2023-01-31 Call $408.00,BTO,3,$0.03,($9.00),N,$10.48
01/31/2023,01/31/2023,02/01/2023,Margin,SPY,SPY 2023-01-31 Call $408.00,BTO,4,$0.03,($12.00),N,$19.48
01/31/2023,01/31/2023,01/31/2023,Margin,,ACH Deposit,ACH,--,,$30.00,N,$31.48
01/31/2023,01/31/2023,02/01/2023,Margin,SPY,SPY 2023-01-31 Call $410.00,BTO,18,$0.01,($18.00),N,$1.48
01/31/2023,01/31/2023,02/01/2023,Margin,SPY,SPY 2023-02-01 Call $409.00,BTO,1,$0.82,($82.00),N,$19.48
01/31/2023,01/31/2023,02/01/2023,Margin,DLTR,DLTR 2023-02-03 Call $165.00,BTO,2,$0.01,($2.00),N,$101.48
01/31/2023,01/31/2023,01/31/2023,Margin,,Gold Fee,GOLD,--,,($5.00),N,$103.48
01/30/2023,01/30/2023,01/31/2023,Margin,DLTR,DLTR 2023-02-03 Call $160.00,BTO,39,$0.12,($468.00),N,$108.48
01/30/2023,01/30/2023,01/31/2023,Margin,DLTR,DLTR 2023-02-03 Call $160.00,BTO,1,$0.10,($10.00),N,$576.48
01/30/2023,01/30/2023,01/31/2023,Margin,SPY,SPY 2023-01-30 Call $412.00,STC,-10,$0.01,$9.97,N,$586.48
01/30/2023,01/30/2023,01/31/2023,Margin,SPY,SPY 2023-01-30 Call $412.00,STC,-10,$0.01,$9.97,N,$576.51
01/30/2023,01/30/2023,01/31/2023,Margin,SPY,SPY 2023-01-30 Call $412.00,STC,-10,$0.01,$9.97,N,$566.54
01/30/2023,01/30/2023,01/31/2023,Margin,SPY,SPY 2023-01-30 Call $412.00,STC,-10,$0.01,$9.97,N,$556.57
01/30/2023,01/30/2023,01/31/2023,Margin,SPY,SPY 2023-01-30 Call $412.00,STC,-10,$0.01,$9.97,N,$546.60
01/30/2023,01/30/2023,01/31/2023,Margin,SPY,SPY 2023-01-30 Call $412.00,STC,-150,$0.01,$149.62,N,$536.63
01/27/2023,01/27/2023,01/30/2023,Margin,SPY,SPY 2023-01-30 Call $412.00,BTO,35,$0.10,($350.00),N,$387.01
01/27/2023,01/27/2023,01/30/2023,Margin,SPY,SPY 2023-01-30 Call $412.00,BTO,6,$0.10,($60.00),N,$737.01
01/27/2023,01/27/2023,01/30/2023,Margin,SPY,SPY 2023-01-30 Call $412.00,BTO,30,$0.10,($300.00),N,$797.01
01/27/2023,01/27/2023,01/30/2023,Margin,SPY,SPY 2023-01-30 Call $412.00,BTO,3,$0.10,($30.00),N,"$1,097.01"
01/27/2023,01/27/2023,01/30/2023,Margin,SPY,SPY 2023-01-30 Call $412.00,BTO,48,$0.10,($480.00),N,"$1,127.01"
01/27/2023,01/27/2023,01/30/2023,Margin,SPY,SPY 2023-01-30 Call $412.00,BTO,16,$0.10,($160.00),N,"$1,607.01"
01/27/2023,01/27/2023,01/30/2023,Margin,SPY,SPY 2023-01-30 Call $412.00,BTO,50,$0.10,($500.00),N,"$1,767.01"
01/27/2023,01/27/2023,01/30/2023,Margin,SPY,SPY 2023-01-30 Call $412.00,BTO,5,$0.10,($50.00),N,"$2,267.01"
01/27/2023,01/27/2023,01/30/2023,Margin,SPY,SPY 2023-01-30 Call $412.00,BTO,5,$0.10,($50.00),N,"$2,317.01"
01/27/2023,01/27/2023,01/30/2023,Margin,SPY,SPY 2023-01-30 Call $412.00,BTO,1,$0.10,($10.00),N,"$2,367.01"
01/27/2023,01/27/2023,01/30/2023,Margin,SPY,SPY 2023-01-30 Call $412.00,BTO,1,$0.10,($10.00),N,"$2,377.01"
01/27/2023,01/27/2023,01/30/2023,Margin,SPY,SPY 2023-01-27 Call $409.00,STC,-9,$0.17,$152.97,N,"$2,387.01"
01/27/2023,01/27/2023,01/30/2023,Margin,SPY,SPY 2023-01-27 Call $409.00,STC,-1,$0.17,$16.98,N,"$2,234.04"
01/27/2023,01/27/2023,01/30/2023,Margin,AMAT,AMAT 2023-01-27 Call $116.00,STC,-1,$0.04,$3.98,N,"$2,217.06"
01/27/2023,01/27/2023,01/30/2023,Margin,AMAT,AMAT 2023-01-27 Call $116.00,STC,-13,$0.04,$51.96,N,"$2,213.08"
01/27/2023,01/27/2023,01/30/2023,Margin,AMAT,AMAT 2023-01-27 Call $116.00,STC,-1,$0.04,$3.98,N,"$2,161.12"
01/27/2023,01/27/2023,01/30/2023,Margin,AMAT,AMAT 2023-01-27 Call $116.00,STC,-2,$0.04,$7.98,N,"$2,157.14"
01/27/2023,01/27/2023,01/30/2023,Margin,AMAT,AMAT 2023-01-27 Call $116.00,STC,-8,$0.04,$31.97,N,"$2,149.16"
01/27/2023,01/27/2023,01/30/2023,Margin,AMAT,AMAT 2023-01-27 Call $116.00,STC,-10,$0.04,$39.97,N,"$2,117.19"
01/27/2023,01/27/2023,01/30/2023,Margin,AMAT,AMAT 2023-01-27 Call $116.00,STC,-65,$0.04,$259.83,N,"$2,077.22"
01/27/2023,01/27/2023,01/30/2023,Margin,AMAT,AMAT 2023-01-27 Call $116.00,BTO,47,$0.10,($470.00),N,"$1,817.39"
01/27/2023,01/27/2023,01/30/2023,Margin,AMAT,AMAT 2023-01-27 Call $116.00,BTO,53,$0.10,($530.00),N,"$2,287.39"
01/26/2023,01/26/2023,01/27/2023,Margin,SPY,SPY 2023-01-27 Call $409.00,BTO,1,$0.24,($24.00),N,"$2,817.39"
01/26/2023,01/26/2023,01/27/2023,Margin,SPY,SPY 2023-01-27 Call $409.00,BTO,1,$0.24,($24.00),N,"$2,841.39"
01/26/2023,01/26/2023,01/27/2023,Margin,SPY,SPY 2023-01-27 Call $409.00,BTO,2,$0.24,($48.00),N,"$2,865.39"
01/26/2023,01/26/2023,01/27/2023,Margin,SPY,SPY 2023-01-27 Call $409.00,BTO,3,$0.24,($72.00),N,"$2,913.39"
01/26/2023,01/26/2023,01/27/2023,Margin,SPY,SPY 2023-01-27 Call $409.00,BTO,3,$0.24,($72.00),N,"$2,985.39"
01/26/2023,01/26/2023,01/26/2023,Margin,,ACH Withdrawal,ACH,--,,"($3,600.00)",N,"$3,057.39"
01/26/2023,01/26/2023,01/27/2023,Margin,SPY,SPY 2023-01-27 Call $409.00,STC,-30,$0.24,$719.91,N,"$6,657.39"
01/26/2023,01/26/2023,01/27/2023,Margin,AMAT,AMAT 2023-01-27 Call $116.00,STC,-60,$0.56,"$3,359.77",N,"$5,937.48"
01/26/2023,01/26/2023,01/27/2023,Margin,AMAT,AMAT 2023-01-27 Call $116.00,STC,-22,$0.56,"$1,231.92",N,"$2,577.71"
01/26/2023,01/26/2023,01/27/2023,Margin,AMAT,AMAT 2023-01-27 Call $116.00,STC,-18,$0.56,"$1,007.93",N,"$1,345.79"
01/26/2023,01/26/2023,01/27/2023,Margin,SPY,SPY 2023-01-27 Call $409.00,BTO,30,$0.20,($600.00),N,$337.86
01/26/2023,01/26/2023,01/27/2023,Margin,AMAT,AMAT 2023-01-27 Call $116.00,BTO,83,$0.30,"($2,490.00)",N,$937.86
01/26/2023,01/26/2023,01/27/2023,Margin,AMAT,AMAT 2023-01-27 Call $116.00,BTO,17,$0.30,($510.00),N,"$3,427.86"
01/26/2023,01/26/2023,01/27/2023,Margin,SPY,SPY 2023-01-27 Call $409.00,STC,-2,$0.19,$37.98,N,"$3,937.86"
01/26/2023,01/26/2023,01/27/2023,Margin,SPY,SPY 2023-01-27 Call $409.00,STC,-6,$0.19,$113.98,N,"$3,899.88"
01/26/2023,01/26/2023,01/27/2023,Margin,SPY,SPY 2023-01-27 Call $409.00,STC,-1,$0.19,$18.98,N,"$3,785.90"
01/26/2023,01/26/2023,01/27/2023,Margin,SPY,SPY 2023-01-27 Call $409.00,STC,-1,$0.19,$18.98,N,"$3,766.92"
01/26/2023,01/26/2023,01/27/2023,Margin,SPY,SPY 2023-01-27 Call $409.00,STC,-1,$0.19,$18.98,N,"$3,747.94"
01/26/2023,01/26/2023,01/27/2023,Margin,SPY,SPY 2023-01-27 Call $409.00,STC,-2,$0.19,$37.98,N,"$3,728.96"
01/26/2023,01/26/2023,01/27/2023,Margin,SPY,SPY 2023-01-27 Call $409.00,STC,-4,$0.19,$75.98,N,"$3,690.98"
01/26/2023,01/26/2023,01/27/2023,Margin,SPY,SPY 2023-01-27 Call $409.00,STC,-13,$0.19,$246.96,N,"$3,615.00"
01/26/2023,01/26/2023,01/27/2023,Margin,AMAT,AMAT 2023-01-27 Call $116.00,STC,-22,$0.27,$593.93,N,"$3,368.04"
01/26/2023,01/26/2023,01/27/2023,Margin,AMAT,AMAT 2023-01-27 Call $116.00,STC,-3,$0.28,$83.98,N,"$2,774.11"
01/26/2023,01/26/2023,01/27/2023,Margin,AMAT,AMAT 2023-01-27 Call $116.00,STC,-41,$0.35,"$1,434.86",N,"$2,690.13"
01/26/2023,01/26/2023,01/27/2023,Margin,AMAT,AMAT 2023-01-27 Call $116.00,STC,-34,$0.35,"$1,189.89",N,"$1,255.27"
01/25/2023,01/25/2023,01/26/2023,Margin,--,Option Expiration for SPY 2023-01-25 call $408.00,OEXP,50S,,--,N,$65.38
01/25/2023,01/25/2023,01/26/2023,Margin,SPY,SPY 2023-01-27 Call $409.00,BTO,30,$0.12,($360.00),N,$65.38
01/25/2023,01/25/2023,01/25/2023,Margin,,ACH Deposit,ACH,--,,$300.00,N,$425.38
01/25/2023,01/25/2023,01/26/2023,Margin,AMAT,AMAT 2023-01-27 Call $116.00,BTO,48,$0.19,($912.00),N,$125.38
01/25/2023,01/25/2023,01/26/2023,Margin,AMAT,AMAT 2023-01-27 Call $116.00,BTO,2,$0.19,($38.00),N,"$1,037.38"
01/25/2023,01/25/2023,01/25/2023,Margin,,ACH Deposit,ACH,--,,"$1,000.00",N,"$1,075.38"
01/25/2023,01/25/2023,01/26/2023,Margin,AMAT,AMAT 2023-01-27 Call $116.00,BTO,2,$0.23,($46.00),N,$75.38
01/25/2023,01/25/2023,01/26/2023,Margin,AMAT,AMAT 2023-01-27 Call $116.00,BTO,2,$0.23,($46.00),N,$121.38
01/25/2023,01/25/2023,01/26/2023,Margin,AMAT,AMAT 2023-01-27 Call $116.00,BTO,2,$0.23,($46.00),N,$167.38
01/25/2023,01/25/2023,01/26/2023,Margin,AMAT,AMAT 2023-01-27 Call $116.00,BTO,11,$0.23,($253.00),N,$213.38
01/25/2023,01/25/2023,01/26/2023,Margin,AMAT,AMAT 2023-01-27 Call $116.00,BTO,8,$0.23,($184.00),N,$466.38
01/25/2023,01/25/2023,01/26/2023,Margin,AMAT,AMAT 2023-01-27 Call $116.00,BTO,1,$0.23,($23.00),N,$650.38
01/25/2023,01/25/2023,01/26/2023,Margin,AMAT,AMAT 2023-01-27 Call $116.00,BTO,1,$0.23,($23.00),N,$673.38
01/25/2023,01/25/2023,01/25/2023,Margin,,ACH Deposit,ACH,--,,$670.00,N,$696.38
01/24/2023,01/24/2023,01/25/2023,Margin,SPY,SPY 2023-01-25 Call $408.00,BTO,21,$0.08,($168.00),N,$26.38
01/24/2023,01/24/2023,01/25/2023,Margin,SPY,SPY 2023-01-25 Call $408.00,BTO,20,$0.08,($160.00),N,$194.38
01/24/2023,01/24/2023,01/24/2023,Margin,,ACH Deposit,ACH,--,,$350.00,N,$354.38
01/24/2023,01/24/2023,01/25/2023,Margin,SPY,SPY 2023-01-25 Call $408.00,BTO,4,$0.08,($32.00),N,$4.38
01/24/2023,01/24/2023,01/25/2023,Margin,SPY,SPY 2023-01-25 Call $408.00,BTO,2,$0.08,($16.00),N,$36.38
01/24/2023,01/24/2023,01/25/2023,Margin,SPY,SPY 2023-01-25 Call $408.00,BTO,1,$0.08,($8.00),N,$52.38
01/24/2023,01/24/2023,01/25/2023,Margin,SPY,SPY 2023-01-25 Call $408.00,BTO,1,$0.08,($8.00),N,$60.38
01/24/2023,01/24/2023,01/25/2023,Margin,SPY,SPY 2023-01-25 Call $408.00,BTO,1,$0.08,($8.00),N,$68.38
01/23/2023,01/23/2023,01/24/2023,Margin,AMAT,AMAT 2023-01-27 Call $116.00,BTO,23,$1.30,"($2,990.00)",N,$76.38
01/23/2023,01/23/2023,01/23/2023,Margin,,ACH Withdrawal,ACH,--,,"($3,700.00)",N,"$3,066.38"
01/23/2023,01/23/2023,01/24/2023,Margin,AMAT,AMAT 2023-01-27 Call $114.00,STC,-20,$2.30,"$4,599.84",N,"$6,766.38"
01/23/2023,01/23/2023,01/24/2023,Margin,AMAT,AMAT 2023-01-27 Call $114.00,STC,-6,$2.31,"$1,385.95",N,"$2,166.54"
01/23/2023,01/23/2023,01/24/2023,Margin,AMAT,AMAT 2023-01-27 Call $114.00,STC,-3,$2.30,$689.97,N,$780.59
01/23/2023,01/23/2023,01/24/2023,Margin,AMAT,AMAT 2023-01-27 Call $114.00,BTO,10,$0.87,($870.00),N,$90.62
01/23/2023,01/23/2023,01/24/2023,Margin,AMAT,AMAT 2023-01-27 Call $114.00,BTO,5,$0.87,($435.00),N,$960.62
01/23/2023,01/23/2023,01/24/2023,Margin,AMAT,AMAT 2023-01-27 Call $114.00,BTO,4,$0.87,($348.00),N,"$1,395.62"
01/23/2023,01/23/2023,01/24/2023,Margin,AMAT,AMAT 2023-01-27 Call $114.00,BTO,10,$0.87,($870.00),N,"$1,743.62"
01/20/2023,01/20/2023,01/20/2023,Margin,,ACH Withdrawal,ACH,--,,"($5,000.00)",N,"$2,613.62"
01/20/2023,01/20/2023,01/23/2023,Margin,ADBE,ADBE 2023-01-20 Call $355.00,STC,-38,$2.20,"$8,359.71",N,"$7,613.62"
01/20/2023,01/20/2023,01/20/2023,Margin,,ACH Reversal,ACH,--,,($750.00),N,($746.09)
01/18/2023,01/18/2023,01/19/2023,Margin,ADBE,ADBE 2023-01-20 Call $355.00,BTO,38,$0.24,($912.00),N,$3.91
01/18/2023,01/18/2023,01/19/2023,Margin,ADBE,ADBE 2023-01-20 Call $355.00,STC,-1,$0.24,$23.98,N,$915.91
01/18/2023,01/18/2023,01/19/2023,Margin,ADBE,ADBE 2023-01-20 Call $355.00,STC,-4,$0.24,$95.98,N,$891.93
01/18/2023,01/18/2023,01/19/2023,Margin,ADBE,ADBE 2023-01-20 Call $355.00,STC,-1,$0.24,$23.98,N,$795.95
01/18/2023,01/18/2023,01/19/2023,Margin,ADBE,ADBE 2023-01-20 Call $355.00,STC,-1,$0.24,$23.98,N,$771.97
01/18/2023,01/18/2023,01/19/2023,Margin,ADBE,ADBE 2023-01-20 Call $355.00,STC,-2,$0.24,$47.98,N,$747.99
01/18/2023,01/18/2023,01/19/2023,Margin,ADBE,ADBE 2023-01-20 Call $355.00,STC,-1,$0.24,$23.98,N,$700.01
01/18/2023,01/18/2023,01/19/2023,Margin,ADBE,ADBE 2023-01-20 Call $355.00,STC,-4,$0.24,$95.98,N,$676.03
01/18/2023,01/18/2023,01/19/2023,Margin,ADBE,ADBE 2023-01-20 Call $355.00,STC,-3,$0.24,$71.98,N,$580.05
01/18/2023,01/18/2023,01/19/2023,Margin,ADBE,ADBE 2023-01-20 Call $355.00,STC,-5,$0.24,$119.98,N,$508.07
01/18/2023,01/18/2023,01/19/2023,Margin,ADBE,ADBE 2023-01-20 Call $355.00,STC,-1,$0.24,$23.98,N,$388.09
01/18/2023,01/18/2023,01/19/2023,Margin,ADBE,ADBE 2023-01-20 Call $355.00,STC,-2,$0.24,$47.98,N,$364.11
01/18/2023,01/18/2023,01/19/2023,Margin,ADBE,ADBE 2023-01-20 Call $355.00,STC,-1,$0.24,$23.98,N,$316.13
01/18/2023,01/18/2023,01/19/2023,Margin,ADBE,ADBE 2023-01-20 Call $355.00,STC,-2,$0.24,$47.98,N,$292.15
01/18/2023,01/18/2023,01/19/2023,Margin,ADBE,ADBE 2023-01-20 Call $355.00,STC,-1,$0.24,$23.98,N,$244.17
01/18/2023,01/18/2023,01/19/2023,Margin,ADBE,ADBE 2023-01-20 Call $355.00,STC,-7,$0.24,$167.97,N,$220.19
01/18/2023,01/18/2023,01/19/2023,Margin,ADBE,ADBE 2023-01-20 Call $355.00,BTO,17,$0.30,($510.00),N,$52.22
01/18/2023,01/18/2023,01/19/2023,Margin,ADBE,ADBE 2023-01-20 Call $355.00,BTO,17,$0.30,($510.00),N,$562.22
01/18/2023,01/18/2023,01/19/2023,Margin,ADBE,ADBE 2023-01-20 Call $355.00,BTO,2,$0.31,($62.00),N,"$1,072.22"
01/18/2023,01/18/2023,01/19/2023,Margin,ADBE,ADBE 2023-01-20 Call $355.00,STC,-5,$0.57,$284.98,N,"$1,134.22"
01/18/2023,01/18/2023,01/19/2023,Margin,ADBE,ADBE 2023-01-20 Call $350.00,STC,-5,$1.57,$784.97,N,$849.24
01/17/2023,01/17/2023,01/18/2023,Margin,ADBE,ADBE 2023-01-20 Call $355.00,BTO,5,$1.45,($725.00),N,$64.27
01/17/2023,01/17/2023,01/17/2023,Margin,,ACH Deposit,ACH,--,,$750.00,N,$789.27
01/17/2023,01/17/2023,01/18/2023,Margin,ADBE,ADBE 2023-01-20 Call $350.00,BTO,3,$3.50,"($1,050.00)",N,$39.27
01/17/2023,01/17/2023,01/17/2023,Margin,,ACH Deposit,ACH,--,,"$1,080.00",N,"$1,089.27"
01/13/2023,01/13/2023,01/17/2023,Margin,--,Option Expiration for ADBE 2023-01-13 call $350.00,OEXP,1S,,--,N,$9.27
01/13/2023,01/13/2023,01/17/2023,Margin,--,Option Expiration for ADBE 2023-01-13 call $352.50,OEXP,8S,,--,N,$9.27
01/13/2023,01/13/2023,01/17/2023,Margin,ADBE,ADBE 2023-01-20 Call $350.00,BTO,2,$2.50,($500.00),N,$9.27
01/13/2023,01/13/2023,01/13/2023,Margin,,ACH Deposit,ACH,--,,$500.00,N,$509.27
01/12/2023,01/12/2023,01/13/2023,Margin,ADBE,ADBE 2023-01-13 Call $352.50,BTO,1,$0.44,($44.00),N,$9.27
01/12/2023,01/12/2023,01/13/2023,Margin,ADBE,ADBE 2023-01-13 Put $320.00,STC,-1,$0.13,$12.98,N,$53.27
01/12/2023,01/12/2023,01/13/2023,Margin,ADBE,ADBE 2023-01-13 Put $325.00,STC,-1,$0.40,$39.98,N,$40.29
01/12/2023,01/12/2023,01/13/2023,Margin,ADBE,ADBE 2023-01-13 Call $352.50,BTO,2,$0.44,($88.00),N,$0.31
01/12/2023,01/12/2023,01/12/2023,Margin,,ACH Deposit,ACH,--,,$60.00,N,$88.31
01/12/2023,01/12/2023,01/13/2023,Margin,ADBE,ADBE 2023-01-13 Call $352.50,BTO,1,$0.40,($40.00),N,$28.31
01/12/2023,01/12/2023,01/13/2023,Margin,ADBE,ADBE 2023-01-13 Call $352.50,BTO,1,$1.70,($170.00),N,$68.31
01/12/2023,01/12/2023,01/13/2023,Margin,ADBE,ADBE 2023-01-13 Call $352.50,BTO,3,$1.86,($558.00),N,$238.31
01/11/2023,01/11/2023,01/12/2023,Margin,ADBE,ADBE 2023-01-13 Put $320.00,BTO,1,$0.60,($60.00),N,$796.31
01/11/2023,01/11/2023,01/12/2023,Margin,NVDA,NVDA 2023-01-13 Call $165.00,STC,-5,$1.60,$799.97,N,$856.31
01/11/2023,01/11/2023,01/12/2023,Margin,NVDA,NVDA 2023-01-13 Call $165.00,BTO,1,$1.65,($165.00),N,$56.34
01/11/2023,01/11/2023,01/12/2023,Margin,NVDA,NVDA 2023-01-13 Call $165.00,BTO,1,$1.65,($165.00),N,$221.34
01/11/2023,01/11/2023,01/12/2023,Margin,NVDA,NVDA 2023-01-13 Call $165.00,BTO,1,$1.65,($165.00),N,$386.34
01/11/2023,01/11/2023,01/12/2023,Margin,NVDA,NVDA 2023-01-13 Call $165.00,BTO,1,$1.65,($165.00),N,$551.34
01/11/2023,01/11/2023,01/12/2023,Margin,NVDA,NVDA 2023-01-13 Call $165.00,BTO,1,$1.65,($165.00),N,$716.34
01/11/2023,01/11/2023,01/12/2023,Margin,ADBE,ADBE 2023-01-13 Call $350.00,BTO,1,$2.23,($223.00),N,$881.34
01/11/2023,01/11/2023,01/12/2023,Margin,ADBE,ADBE 2023-01-13 Put $325.00,BTO,1,$1.34,($134.00),N,"$1,104.34"
01/11/2023,01/11/2023,01/12/2023,Margin,HD,HD 2023-01-13 Call $327.50,STC,-3,$3.50,"$1,049.96",N,"$1,238.34"
01/11/2023,01/11/2023,01/12/2023,Margin,HD,HD 2023-01-13 Call $327.50,BTO,3,$2.70,($810.00),N,$188.38
01/10/2023,01/10/2023,01/11/2023,Margin,ADBE,ADBE 2023-01-13 Call $360.00,STC,-3,$0.68,$203.98,N,$998.38
01/10/2023,01/10/2023,01/11/2023,Margin,ADBE,ADBE 2023-01-13 Call $360.00,STC,-3,$0.68,$203.98,N,$794.40
01/10/2023,01/10/2023,01/11/2023,Margin,ADBE,ADBE 2023-01-13 Put $320.00,STC,-5,$1.08,$539.97,N,$590.42
01/10/2023,01/10/2023,01/11/2023,Margin,ADBE,ADBE 2023-01-13 Put $320.00,BTO,2,$1.10,($220.00),N,$50.45
01/10/2023,01/10/2023,01/11/2023,Margin,ADBE,ADBE 2023-01-13 Call $360.00,STC,-3,$0.90,$269.98,N,$270.45
01/10/2023,01/10/2023,01/11/2023,Margin,ADBE,ADBE 2023-01-13 Put $320.00,BTO,3,$1.05,($315.00),N,$0.47
01/10/2023,01/10/2023,01/10/2023,Margin,,ACH Deposit,ACH,--,,$300.00,N,$315.47
01/10/2023,01/10/2023,01/11/2023,Margin,ADBE,ADBE 2023-01-13 Call $360.00,BTO,3,$0.99,($297.00),N,$15.47
01/10/2023,01/10/2023,01/11/2023,Margin,ADBE,ADBE 2023-01-13 Call $360.00,BTO,1,$0.99,($99.00),N,$312.47
01/10/2023,01/10/2023,01/11/2023,Margin,ADBE,ADBE 2023-01-13 Call $360.00,BTO,1,$0.99,($99.00),N,$411.47
01/10/2023,01/10/2023,01/11/2023,Margin,ADBE,ADBE 2023-01-13 Call $360.00,BTO,1,$0.99,($99.00),N,$510.47
01/10/2023,01/10/2023,01/11/2023,Margin,ADBE,ADBE 2023-01-13 Call $360.00,BTO,1,$0.99,($99.00),N,$609.47
01/10/2023,01/10/2023,01/11/2023,Margin,ADBE,ADBE 2023-01-13 Call $360.00,BTO,1,$0.99,($99.00),N,$708.47
01/10/2023,01/10/2023,01/11/2023,Margin,ADBE,ADBE 2023-01-13 Call $360.00,BTO,1,$0.99,($99.00),N,$807.47
01/10/2023,01/10/2023,01/11/2023,Margin,ADBE,ADBE 2023-01-13 Call $360.00,STC,-9,$1.00,$899.95,N,$906.47
01/10/2023,01/10/2023,01/11/2023,Margin,ADBE,ADBE 2023-01-13 Call $360.00,BTO,1,$1.30,($130.00),N,$6.52
01/10/2023,01/10/2023,01/11/2023,Margin,ADBE,ADBE 2023-01-13 Call $360.00,BTO,1,$1.30,($130.00),N,$136.52
01/10/2023,01/10/2023,01/11/2023,Margin,ADBE,ADBE 2023-01-13 Call $360.00,BTO,5,$1.30,($650.00),N,$266.52
01/10/2023,01/10/2023,01/11/2023,Margin,ADBE,ADBE 2023-01-13 Call $360.00,BTO,1,$1.30,($130.00),N,$916.52
01/10/2023,01/10/2023,01/11/2023,Margin,ADBE,ADBE 2023-01-13 Call $360.00,BTO,1,$1.30,($130.00),N,"$1,046.52"
01/10/2023,01/10/2023,01/11/2023,Margin,ADBE,ADBE 2023-01-13 Put $325.00,STC,-5,$1.20,$599.97,N,"$1,176.52"
01/09/2023,01/09/2023,01/10/2023,Margin,ADBE,ADBE 2023-01-13 Put $325.00,BTO,3,$1.30,($390.00),N,$576.55
01/09/2023,01/09/2023,01/10/2023,Margin,ADBE,ADBE 2023-01-13 Put $325.00,BTO,1,$1.10,($110.00),N,$966.55
01/09/2023,01/09/2023,01/10/2023,Margin,ADBE,ADBE 2023-01-13 Put $325.00,BTO,1,$1.10,($110.00),N,"$1,076.55"
01/09/2023,01/09/2023,01/10/2023,Margin,IBM,IBM 2023-01-13 Call $147.00,STC,-15,$0.61,$914.93,N,"$1,186.55"
01/09/2023,01/09/2023,01/10/2023,Margin,IBM,IBM 2023-01-13 Call $147.00,STC,-3,$0.61,$182.98,N,$271.62
01/09/2023,01/09/2023,01/10/2023,Margin,IBM,IBM 2023-01-13 Call $147.00,BTO,1,$0.78,($78.00),N,$88.64
01/09/2023,01/09/2023,01/10/2023,Margin,IBM,IBM 2023-01-13 Call $147.00,BTO,4,$0.78,($312.00),N,$166.64
01/09/2023,01/09/2023,01/10/2023,Margin,IBM,IBM 2023-01-13 Call $147.00,BTO,1,$0.78,($78.00),N,$478.64
01/09/2023,01/09/2023,01/10/2023,Margin,IBM,IBM 2023-01-13 Call $147.00,BTO,2,$0.78,($156.00),N,$556.64
01/09/2023,01/09/2023,01/10/2023,Margin,IBM,IBM 2023-01-13 Call $147.00,BTO,5,$0.78,($390.00),N,$712.64
01/09/2023,01/09/2023,01/10/2023,Margin,IBM,IBM 2023-01-13 Call $147.00,BTO,3,$0.78,($234.00),N,"$1,102.64"
01/09/2023,01/09/2023,01/10/2023,Margin,IBM,IBM 2023-01-13 Call $147.00,BTO,2,$0.78,($156.00),N,"$1,336.64"
01/09/2023,01/09/2023,01/10/2023,Margin,ADBE,ADBE 2023-01-13 Call $362.50,STC,-2,$2.07,$413.98,N,"$1,492.64"
01/09/2023,01/09/2023,01/10/2023,Margin,ADBE,ADBE 2023-01-13 Call $362.50,STC,-5,$2.05,"$1,024.96",N,"$1,078.66"
01/09/2023,01/09/2023,01/10/2023,Margin,ADBE,ADBE 2023-01-13 Call $362.50,BTO,1,$1.95,($195.00),N,$53.70
01/09/2023,01/09/2023,01/10/2023,Margin,ADBE,ADBE 2023-01-13 Call $362.50,BTO,1,$1.95,($195.00),N,$248.70
01/09/2023,01/09/2023,01/10/2023,Margin,ADBE,ADBE 2023-01-13 Call $362.50,BTO,3,$1.95,($585.00),N,$443.70
01/09/2023,01/09/2023,01/10/2023,Margin,ADBE,ADBE 2023-01-13 Call $362.50,BTO,1,$1.95,($195.00),N,"$1,028.70"
01/09/2023,01/09/2023,01/10/2023,Margin,ADBE,ADBE 2023-01-13 Call $362.50,BTO,1,$1.95,($195.00),N,"$1,223.70"
01/09/2023,01/09/2023,01/10/2023,Margin,ADBE,ADBE 2023-01-13 Call $362.50,STC,-7,$1.95,"$1,364.94",N,"$1,418.70"
01/09/2023,01/09/2023,01/10/2023,Margin,ADBE,ADBE 2023-01-13 Call $362.50,BTO,7,$2.37,"($1,659.00)",N,$53.76
01/09/2023,01/09/2023,01/10/2023,Margin,IBM,IBM 2023-01-13 Call $147.00,STC,-1,$0.74,$73.98,N,"$1,712.76"
01/09/2023,01/09/2023,01/10/2023,Margin,IBM,IBM 2023-01-13 Call $147.00,STC,-1,$0.74,$73.98,N,"$1,638.78"
01/09/2023,01/09/2023,01/10/2023,Margin,IBM,IBM 2023-01-13 Call $147.00,STC,-3,$0.74,$221.98,N,"$1,564.80"
01/09/2023,01/09/2023,01/10/2023,Margin,IBM,IBM 2023-01-13 Call $147.00,STC,-5,$0.74,$369.98,N,"$1,342.82"
01/09/2023,01/09/2023,01/10/2023,Margin,IBM,IBM 2023-01-13 Call $147.00,STC,-13,$0.74,$961.94,N,$972.84
01/09/2023,01/09/2023,01/10/2023,Margin,IBM,IBM 2023-01-13 Call $147.00,BTO,2,$0.80,($160.00),N,$10.90
01/09/2023,01/09/2023,01/10/2023,Margin,IBM,IBM 2023-01-13 Call $147.00,BTO,10,$0.80,($800.00),N,$170.90
01/09/2023,01/09/2023,01/10/2023,Margin,IBM,IBM 2023-01-13 Call $147.00,BTO,7,$0.80,($560.00),N,$970.90
01/09/2023,01/09/2023,01/10/2023,Margin,IBM,IBM 2023-01-13 Call $147.00,BTO,1,$0.80,($80.00),N,"$1,530.90"
01/09/2023,01/09/2023,01/10/2023,Margin,IBM,IBM 2023-01-13 Call $147.00,BTO,3,$0.80,($240.00),N,"$1,610.90"
01/09/2023,01/09/2023,01/10/2023,Margin,IBM,IBM 2023-01-13 Call $147.00,STC,-10,$0.65,$649.96,N,"$1,850.90"
01/09/2023,01/09/2023,01/10/2023,Margin,IBM,IBM 2023-01-13 Call $147.00,STC,-7,$0.65,$454.96,N,"$1,200.94"
01/09/2023,01/09/2023,01/10/2023,Margin,IBM,IBM 2023-01-13 Call $147.00,STC,-8,$0.65,$519.96,N,$745.98
01/09/2023,01/09/2023,01/10/2023,Margin,IBM,IBM 2023-01-13 Call $147.00,BTO,25,$0.72,"($1,800.00)",N,$226.02
01/09/2023,01/09/2023,01/10/2023,Margin,IBM,IBM 2023-01-13 Call $147.00,STC,-25,$0.67,"$1,674.90",N,"$2,026.02"
01/09/2023,01/09/2023,01/10/2023,Margin,IBM,IBM 2023-01-13 Call $147.00,BTO,1,$0.73,($73.00),N,$351.12
01/09/2023,01/09/2023,01/10/2023,Margin,IBM,IBM 2023-01-13 Call $147.00,BTO,15,$0.73,"($1,095.00)",N,$424.12
01/09/2023,01/09/2023,01/10/2023,Margin,IBM,IBM 2023-01-13 Call $147.00,BTO,8,$0.73,($584.00),N,"$1,519.12"
01/09/2023,01/09/2023,01/10/2023,Margin,IBM,IBM 2023-01-13 Call $147.00,BTO,1,$0.73,($73.00),N,"$2,103.12"
01/09/2023,01/09/2023,01/10/2023,Margin,IBM,IBM 2023-01-13 Call $146.00,STC,-10,$1.06,"$1,059.95",N,"$2,176.12"
01/09/2023,01/09/2023,01/10/2023,Margin,IBM,IBM 2023-01-13 Call $146.00,STC,-10,$1.06,"$1,059.95",N,"$1,116.17"
01/09/2023,01/09/2023,01/10/2023,Margin,IBM,IBM 2023-01-13 Call $146.00,BTO,6,$0.70,($420.00),N,$56.22
01/09/2023,01/09/2023,01/10/2023,Margin,IBM,IBM 2023-01-13 Call $146.00,BTO,14,$0.70,($980.00),N,$476.22
01/06/2023,01/06/2023,01/09/2023,Margin,--,Option Expiration for ADBE 2023-01-06 put $325.00,OEXP,5S,,--,N,"$1,456.22"
01/06/2023,01/06/2023,01/09/2023,Margin,AAPL,AAPL 2023-01-06 Call $130.00,STC,-1,$0.23,$22.98,N,"$1,456.22"
01/06/2023,01/06/2023,01/09/2023,Margin,AAPL,AAPL 2023-01-06 Call $130.00,BTO,1,$0.13,($13.00),N,"$1,433.24"
01/06/2023,01/06/2023,01/09/2023,Margin,AAPL,AAPL 2023-01-06 Call $130.00,STC,-2,$0.11,$21.98,N,"$1,446.24"
01/06/2023,01/06/2023,01/09/2023,Margin,AAPL,AAPL 2023-01-06 Call $130.00,STC,-3,$0.11,$32.98,N,"$1,424.26"
01/06/2023,01/06/2023,01/09/2023,Margin,AAPL,AAPL 2023-01-06 Call $130.00,STC,-39,$0.09,$350.89,N,"$1,391.28"
01/06/2023,01/06/2023,01/09/2023,Margin,AAPL,AAPL 2023-01-06 Call $130.00,STC,-3,$0.09,$26.98,N,"$1,040.39"
01/06/2023,01/06/2023,01/09/2023,Margin,AAPL,AAPL 2023-01-06 Call $130.00,STC,-1,$0.09,$8.98,N,"$1,013.41"
01/06/2023,01/06/2023,01/09/2023,Margin,AAPL,AAPL 2023-01-06 Call $130.00,STC,-1,$0.09,$8.98,N,"$1,004.43"
01/06/2023,01/06/2023,01/09/2023,Margin,AAPL,AAPL 2023-01-06 Call $130.00,STC,-1,$0.09,$8.98,N,$995.45
01/06/2023,01/06/2023,01/09/2023,Margin,AAPL,AAPL 2023-01-06 Call $130.00,BTO,15,$0.03,($45.00),N,$986.47
01/06/2023,01/06/2023,01/09/2023,Margin,AAPL,AAPL 2023-01-06 Call $130.00,BTO,3,$0.03,($9.00),N,"$1,031.47"
01/06/2023,01/06/2023,01/09/2023,Margin,AAPL,AAPL 2023-01-06 Call $130.00,BTO,25,$0.03,($75.00),N,"$1,040.47"
01/06/2023,01/06/2023,01/09/2023,Margin,AAPL,AAPL 2023-01-06 Call $130.00,BTO,2,$0.03,($6.00),N,"$1,115.47"
01/06/2023,01/06/2023,01/09/2023,Margin,AAPL,AAPL 2023-01-06 Call $130.00,BTO,5,$0.03,($15.00),N,"$1,121.47"
01/06/2023,01/06/2023,01/09/2023,Margin,ADBE,ADBE 2023-01-06 Put $325.00,BTO,2,$0.05,($10.00),N,"$1,136.47"
01/06/2023,01/06/2023,01/09/2023,Margin,ADBE,ADBE 2023-01-06 Put $325.00,BTO,3,$0.05,($15.00),N,"$1,146.47"
01/06/2023,01/06/2023,01/09/2023,Margin,SPY,SPY 2023-01-06 Call $387.00,STC,-1,$0.62,$61.98,N,"$1,161.47"
01/06/2023,01/06/2023,01/09/2023,Margin,SPY,SPY 2023-01-06 Call $387.00,BTO,1,$0.39,($39.00),N,"$1,099.49"
01/06/2023,01/06/2023,01/09/2023,Margin,HAL,HAL 2023-01-06 Call $40.00,STC,-8,$0.70,$559.96,N,"$1,138.49"
01/06/2023,01/06/2023,01/09/2023,Margin,HAL,HAL 2023-01-06 Call $40.00,STC,-7,$0.70,$489.96,N,$578.53
01/06/2023,01/06/2023,01/09/2023,Margin,HAL,HAL 2023-01-06 Call $40.00,BTO,10,$0.30,($300.00),N,$88.57
01/06/2023,01/06/2023,01/09/2023,Margin,HAL,HAL 2023-01-06 Call $40.00,BTO,4,$0.29,($116.00),N,$388.57
01/06/2023,01/06/2023,01/09/2023,Margin,HAL,HAL 2023-01-06 Call $40.00,BTO,1,$0.23,($23.00),N,$504.57
01/05/2023,01/05/2023,01/06/2023,Margin,AAPL,AAPL 2023-01-06 Call $130.00,STC,-15,$0.32,$479.94,N,$527.57
01/05/2023,01/05/2023,01/06/2023,Margin,AAPL,AAPL 2023-01-06 Call $130.00,BTO,1,$0.51,($51.00),N,$47.63
01/05/2023,01/05/2023,01/06/2023,Margin,AAPL,AAPL 2023-01-06 Call $130.00,BTO,14,$0.51,($714.00),N,$98.63
01/05/2023,01/05/2023,01/06/2023,Margin,ADBE,ADBE 2023-01-06 Call $350.00,STC,-20,$0.40,$799.93,N,$812.63
01/04/2023,01/04/2023,01/05/2023,Margin,--,Option Expiration for SPY 2023-01-04 call $390.00,OEXP,10S,,--,N,$12.70
01/04/2023,01/04/2023,01/05/2023,Margin,ADBE,ADBE 2023-01-06 Call $350.00,BTO,17,$1.01,"($1,717.00)",N,$12.70
01/04/2023,01/04/2023,01/05/2023,Margin,ADBE,ADBE 2023-01-06 Call $350.00,BTO,1,$1.01,($101.00),N,"$1,729.70"
01/04/2023,01/04/2023,01/05/2023,Margin,SPY,SPY 2023-01-04 Call $390.00,BTO,3,$0.06,($18.00),N,"$1,830.70"
01/04/2023,01/04/2023,01/05/2023,Margin,SPY,SPY 2023-01-04 Call $390.00,BTO,3,$0.06,($18.00),N,"$1,848.70"
01/04/2023,01/04/2023,01/05/2023,Margin,SPY,SPY 2023-01-04 Call $390.00,BTO,4,$0.06,($24.00),N,"$1,866.70"
01/04/2023,01/04/2023,01/05/2023,Margin,ADBE,ADBE 2023-01-06 Call $350.00,BTO,1,$1.95,($195.00),N,"$1,890.70"
01/04/2023,01/04/2023,01/05/2023,Margin,ADBE,ADBE 2023-01-06 Call $350.00,STC,-4,$1.90,$759.97,N,"$2,085.70"
01/04/2023,01/04/2023,01/05/2023,Margin,ADBE,ADBE 2023-01-06 Call $350.00,STC,-5,$1.90,$949.96,N,"$1,325.73"
01/04/2023,01/04/2023,01/05/2023,Margin,ADBE,ADBE 2023-01-06 Call $350.00,STC,-2,$1.86,$371.98,N,$375.77
01/04/2023,01/04/2023,01/05/2023,Margin,ADBE,ADBE 2023-01-06 Call $350.00,BTO,12,$1.31,"($1,572.00)",N,$3.79
01/04/2023,01/04/2023,01/05/2023,Margin,ADBE,ADBE 2023-01-06 Call $350.00,STC,-8,$1.57,"$1,255.95",N,"$1,575.79"
01/04/2023,01/04/2023,01/05/2023,Margin,ADBE,ADBE 2023-01-06 Call $350.00,BTO,2,$2.62,($524.00),N,$319.84
01/04/2023,01/04/2023,01/05/2023,Margin,ADBE,ADBE 2023-01-06 Call $350.00,BTO,6,$2.62,"($1,572.00)",N,$843.84
01/04/2023,01/04/2023,01/04/2023,Margin,,ACH Withdrawal,ACH,--,,"($1,000.00)",N,"$2,415.84"
01/04/2023,01/04/2023,01/05/2023,Margin,LMT,LMT 2023-01-06 Put $472.50,STC,-1,$5.50,$549.97,N,"$3,415.84"
01/04/2023,01/04/2023,01/05/2023,Margin,LMT,LMT 2023-01-06 Put $472.50,STC,-5,$5.50,"$2,749.92",N,"$2,865.87"
01/03/2023,01/03/2023,01/04/2023,Margin,LMT,LMT 2023-01-06 Put $472.50,BTO,1,$2.00,($200.00),N,$115.95
01/03/2023,01/03/2023,01/04/2023,Margin,LMT,LMT 2023-01-06 Put $472.50,BTO,5,$2.66,"($1,330.00)",N,$315.95
01/03/2023,01/03/2023,01/03/2023,Margin,,ACH Withdrawal,ACH,--,,"($1,000.00)",N,"$1,645.95"
01/03/2023,01/03/2023,01/04/2023,Margin,META,META 2023-01-06 Call $122.00,STC,-3,$4.23,"$1,268.96",N,"$2,645.95"
01/03/2023,01/03/2023,01/04/2023,Margin,META,META 2023-01-06 Call $122.00,STC,-3,$4.23,"$1,268.96",N,"$1,376.99"
01/03/2023,01/03/2023,01/03/2023,Margin,,Gold Fee,GOLD,--,,($5.00),N,$108.03
12/30/2022,12/30/2022,01/03/2023,Margin,--,Option Expiration for META 2022-12-30 call $122.00,OEXP,40S,,--,N,$113.03
12/30/2022,12/30/2022,01/03/2023,Margin,META,META 2023-01-06 Call $122.00,BTO,6,$1.50,($900.00),N,$113.03
12/30/2022,12/30/2022,12/30/2022,Margin,,ACH Deposit,ACH,--,,$960.00,N,"$1,013.03"
12/27/2022,12/27/2022,12/28/2022,Margin,META,META 2022-12-30 Call $122.00,BTO,3,$0.41,($123.00),N,$53.03
12/27/2022,12/27/2022,12/27/2022,Margin,,ACH Deposit,ACH,--,,$150.00,N,$176.03
12/27/2022,12/27/2022,12/28/2022,Margin,META,META 2022-12-30 Call $122.00,BTO,5,$0.40,($200.00),N,$26.03
12/27/2022,12/27/2022,12/28/2022,Margin,META,META 2022-12-30 Call $122.00,BTO,4,$0.40,($160.00),N,$226.03
12/27/2022,12/27/2022,12/28/2022,Margin,META,META 2022-12-30 Call $122.00,BTO,4,$0.40,($160.00),N,$386.03
12/27/2022,12/27/2022,12/28/2022,Margin,META,META 2022-12-30 Call $122.00,BTO,24,$0.40,($960.00),N,$546.03
12/27/2022,12/27/2022,12/28/2022,Margin,AAPL,AAPL 2022-12-30 Put $128.00,STC,-12,$1.08,"$1,295.94",N,"$1,506.03"
12/27/2022,12/27/2022,12/28/2022,Margin,AAPL,AAPL 2022-12-30 Put $128.00,BTO,11,$1.04,"($1,144.00)",N,$210.09
12/27/2022,12/27/2022,12/28/2022,Margin,AAPL,AAPL 2022-12-30 Put $128.00,BTO,1,$1.04,($104.00),N,"$1,354.09"
12/27/2022,12/27/2022,12/28/2022,Margin,AAPL,AAPL 2022-12-30 Put $128.00,STC,-10,$1.00,$999.95,N,"$1,458.09"
12/27/2022,12/27/2022,12/28/2022,Margin,AAPL,AAPL 2022-12-30 Put $128.00,BTO,2,$1.03,($206.00),N,$458.14
12/27/2022,12/27/2022,12/28/2022,Margin,AAPL,AAPL 2022-12-30 Put $128.00,BTO,3,$1.03,($309.00),N,$664.14
12/27/2022,12/27/2022,12/28/2022,Margin,AAPL,AAPL 2022-12-30 Put $128.00,BTO,5,$1.03,($515.00),N,$973.14
12/27/2022,12/27/2022,12/28/2022,Margin,META,META 2022-12-30 Call $122.00,STC,-12,$0.37,$443.95,N,"$1,488.14"
12/27/2022,12/27/2022,12/28/2022,Margin,META,META 2022-12-30 Call $122.00,STC,-1,$0.37,$36.98,N,"$1,044.19"
12/27/2022,12/27/2022,12/28/2022,Margin,META,META 2022-12-30 Call $122.00,STC,-8,$0.37,$295.97,N,"$1,007.21"
12/27/2022,12/27/2022,12/28/2022,Margin,META,META 2022-12-30 Call $122.00,STC,-19,$0.37,$702.94,N,$711.24
12/27/2022,12/27/2022,12/27/2022,Margin,,ACH Withdrawal,ACH,--,,"($1,000.00)",N,$8.30
12/27/2022,12/27/2022,12/28/2022,Margin,META,META 2022-12-30 Call $122.00,BTO,20,$0.73,"($1,460.00)",N,"$1,008.30"
12/27/2022,12/27/2022,12/28/2022,Margin,META,META 2022-12-30 Call $122.00,BTO,20,$0.73,"($1,460.00)",N,"$2,468.30"
12/27/2022,12/27/2022,12/28/2022,Margin,CAT,CAT 2022-12-30 Call $245.00,STC,-3,$1.85,$554.97,N,"$3,928.30"
12/27/2022,12/27/2022,12/28/2022,Margin,CAT,CAT 2022-12-30 Call $245.00,STC,-2,$1.85,$369.98,N,"$3,373.33"
12/27/2022,12/27/2022,12/28/2022,Margin,CAT,CAT 2022-12-30 Call $245.00,BTO,5,$2.07,"($1,035.00)",N,"$3,003.35"
12/27/2022,12/27/2022,12/28/2022,Margin,CAT,CAT 2022-12-30 Call $245.00,STC,-19,$1.95,"$3,704.87",N,"$4,038.35"
12/27/2022,12/27/2022,12/28/2022,Margin,CAT,CAT 2022-12-30 Call $245.00,STC,-1,$1.95,$194.98,N,$333.48
12/23/2022,12/23/2022,12/27/2022,Margin,--,Option Expiration for LMT 2022-12-23 put $475.00,OEXP,1S,,--,N,$138.50
12/23/2022,12/23/2022,12/27/2022,Margin,--,Option Expiration for AAPL 2022-12-23 put $128.00,OEXP,2S,,--,N,$138.50
12/23/2022,12/23/2022,12/27/2022,Margin,--,Option Expiration for META 2022-12-23 call $122.00,OEXP,3S,,--,N,$138.50
12/23/2022,12/23/2022,12/27/2022,Margin,CAT,CAT 2022-12-30 Call $245.00,BTO,8,$1.25,"($1,000.00)",N,$138.50
12/23/2022,12/23/2022,12/27/2022,Margin,CAT,CAT 2022-12-30 Call $245.00,BTO,1,$1.25,($125.00),N,"$1,138.50"
12/23/2022,12/23/2022,12/27/2022,Margin,CAT,CAT 2022-12-30 Call $245.00,BTO,4,$1.25,($500.00),N,"$1,263.50"
12/23/2022,12/23/2022,12/27/2022,Margin,CAT,CAT 2022-12-30 Call $245.00,BTO,3,$1.25,($375.00),N,"$1,763.50"
12/23/2022,12/23/2022,12/27/2022,Margin,CAT,CAT 2022-12-30 Call $245.00,BTO,4,$1.25,($500.00),N,"$2,138.50"
12/22/2022,12/22/2022,12/23/2022,Margin,META,META 2022-12-23 Call $122.00,BTO,3,$0.15,($45.00),N,"$2,638.50"
12/22/2022,12/22/2022,12/23/2022,Margin,LMT,LMT 2022-12-23 Put $475.00,BTO,1,$1.45,($145.00),N,"$2,683.50"
12/22/2022,12/22/2022,12/23/2022,Margin,AAPL,AAPL 2022-12-23 Put $128.00,BTO,1,$0.19,($19.00),N,"$2,828.50"
12/22/2022,12/22/2022,12/23/2022,Margin,AAPL,AAPL 2022-12-23 Put $128.00,BTO,1,$0.19,($19.00),N,"$2,847.50"
12/22/2022,12/22/2022,12/23/2022,Margin,AAPL,AAPL 2022-12-23 Put $130.00,STC,-1,$0.62,$61.98,N,"$2,866.50"
12/22/2022,12/22/2022,12/23/2022,Margin,AAPL,AAPL 2022-12-30 Put $130.00,STC,-1,$2.09,$208.98,N,"$2,804.52"
12/22/2022,12/22/2022,12/23/2022,Margin,LMT,LMT 2022-12-23 Put $472.50,STC,-7,$1.05,$734.96,N,"$2,595.54"
12/22/2022,12/22/2022,12/23/2022,Margin,LMT,LMT 2022-12-23 Put $472.50,BTO,5,$1.30,($650.00),N,"$1,860.58"
12/22/2022,12/22/2022,12/23/2022,Margin,LMT,LMT 2022-12-23 Put $472.50,BTO,2,$1.30,($260.00),N,"$2,510.58"
12/22/2022,12/22/2022,12/23/2022,Margin,LMT,LMT 2022-12-23 Put $475.00,STC,-5,$2.10,"$1,049.96",N,"$2,770.58"
12/22/2022,12/22/2022,12/23/2022,Margin,LMT,LMT 2022-12-23 Put $475.00,BTO,4,$0.90,($360.00),N,"$1,720.62"
12/22/2022,12/22/2022,12/23/2022,Margin,LMT,LMT 2022-12-23 Put $475.00,BTO,1,$0.75,($75.00),N,"$2,080.62"
12/22/2022,12/22/2022,12/23/2022,Margin,AAPL,AAPL 2022-12-23 Put $130.00,BTO,1,$0.39,($39.00),N,"$2,155.62"
12/22/2022,12/22/2022,12/23/2022,Margin,AAPL,AAPL 2022-12-30 Put $130.00,BTO,1,$1.45,($145.00),N,"$2,194.62"
12/21/2022,12/21/2022,12/22/2022,Margin,CAT,CAT 2022-12-23 Call $242.50,STC,-18,$1.27,"$2,285.90",N,"$2,339.62"
12/21/2022,12/21/2022,12/22/2022,Margin,CAT,CAT 2022-12-23 Call $242.50,BTO,5,$0.87,($435.00),N,$53.72
12/21/2022,12/21/2022,12/22/2022,Margin,CAT,CAT 2022-12-23 Call $242.50,BTO,2,$0.87,($174.00),N,$488.72
12/21/2022,12/21/2022,12/22/2022,Margin,CAT,CAT 2022-12-23 Call $242.50,BTO,2,$0.87,($174.00),N,$662.72
12/21/2022,12/21/2022,12/22/2022,Margin,CAT,CAT 2022-12-23 Call $242.50,BTO,2,$0.87,($174.00),N,$836.72
12/21/2022,12/21/2022,12/22/2022,Margin,CAT,CAT 2022-12-23 Call $242.50,BTO,2,$0.87,($174.00),N,"$1,010.72"
12/21/2022,12/21/2022,12/22/2022,Margin,CAT,CAT 2022-12-23 Call $242.50,BTO,5,$0.85,($425.00),N,"$1,184.72"
12/21/2022,12/21/2022,12/22/2022,Margin,ALGN,ALGN 2022-12-23 Call $212.50,STC,-3,$0.50,$149.98,N,"$1,609.72"
12/21/2022,12/21/2022,12/22/2022,Margin,ALGN,ALGN 2022-12-23 Call $212.50,STC,-5,$0.51,$254.98,N,"$1,459.74"
12/21/2022,12/21/2022,12/22/2022,Margin,ALGN,ALGN 2022-12-23 Call $212.50,STC,-1,$0.50,$49.98,N,"$1,204.76"
12/21/2022,12/21/2022,12/22/2022,Margin,ALGN,ALGN 2022-12-23 Call $212.50,STC,-1,$0.50,$49.98,N,"$1,154.78"
12/21/2022,12/21/2022,12/22/2022,Margin,ALGN,ALGN 2022-12-23 Call $212.50,BTO,10,$0.75,($750.00),N,"$1,104.80"
12/21/2022,12/21/2022,12/22/2022,Margin,CAT,CAT 2022-12-23 Call $242.50,STC,-5,$0.60,$299.98,N,"$1,854.80"
12/21/2022,12/21/2022,12/22/2022,Margin,CAT,CAT 2022-12-23 Call $242.50,BTO,2,$1.00,($200.00),N,"$1,554.82"
12/21/2022,12/21/2022,12/22/2022,Margin,CAT,CAT 2022-12-23 Call $242.50,BTO,3,$1.00,($300.00),N,"$1,754.82"
12/21/2022,12/21/2022,12/21/2022,Margin,,ACH Withdrawal,ACH,--,,($500.00),N,"$2,054.82"
12/21/2022,12/21/2022,12/22/2022,Margin,CAT,CAT 2022-12-23 Call $240.00,STC,-3,$2.12,$635.97,N,"$2,554.82"
12/21/2022,12/21/2022,12/22/2022,Margin,CAT,CAT 2022-12-23 Call $240.00,STC,-1,$2.12,$211.98,N,"$1,918.85"
12/21/2022,12/21/2022,12/22/2022,Margin,CAT,CAT 2022-12-23 Call $240.00,STC,-8,$2.12,"$1,695.94",N,"$1,706.87"
12/20/2022,12/20/2022,12/21/2022,Margin,CAT,CAT 2022-12-23 Call $240.00,BTO,12,$0.60,($720.00),N,$10.93
12/20/2022,12/20/2022,12/21/2022,Margin,CAT,CAT 2022-12-23 Call $240.00,STC,-11,$0.55,$604.96,N,$730.93
12/20/2022,12/20/2022,12/21/2022,Margin,CAT,CAT 2022-12-23 Call $240.00,STC,-1,$0.55,$54.98,N,$125.97
12/20/2022,12/20/2022,12/21/2022,Margin,CAT,CAT 2022-12-23 Call $240.00,BTO,5,$0.66,($330.00),N,$70.99
12/20/2022,12/20/2022,12/21/2022,Margin,CAT,CAT 2022-12-23 Call $240.00,BTO,7,$0.66,($462.00),N,$400.99
12/20/2022,12/20/2022,12/21/2022,Margin,AAPL,AAPL 2022-12-23 Put $130.00,STC,-10,$0.72,$719.96,N,$862.99
12/20/2022,12/20/2022,12/21/2022,Margin,AAPL,AAPL 2022-12-23 Put $130.00,BTO,9,$0.80,($720.00),N,$143.03
12/20/2022,12/20/2022,12/21/2022,Margin,AAPL,AAPL 2022-12-23 Put $130.00,BTO,1,$0.68,($68.00),N,$863.03
12/20/2022,12/20/2022,12/21/2022,Margin,AAPL,AAPL 2022-12-23 Put $130.00,STC,-8,$1.15,$919.95,N,$931.03
12/16/2022,12/16/2022,12/19/2022,Margin,--,Option Expiration for AAPL 2022-12-16 put $133.00,OEXP,1S,,--,N,$11.08
12/16/2022,12/16/2022,12/19/2022,Margin,--,Option Expiration for AAPL 2022-12-16 put $130.00,OEXP,20S,,--,N,$11.08
12/16/2022,12/16/2022,12/19/2022,Margin,AAPL,AAPL 2022-12-23 Put $130.00,BTO,7,$0.85,($595.00),N,$11.08
12/16/2022,12/16/2022,12/19/2022,Margin,AAPL,AAPL 2022-12-23 Put $130.00,BTO,1,$0.85,($85.00),N,$606.08
12/16/2022,12/16/2022,12/16/2022,Margin,,ACH Withdrawal,ACH,--,,($100.00),N,$691.08
12/15/2022,12/15/2022,12/16/2022,Margin,AAPL,AAPL 2022-12-16 Put $130.00,BTO,4,$0.09,($36.00),N,$791.08
12/15/2022,12/15/2022,12/16/2022,Margin,AAPL,AAPL 2022-12-16 Put $130.00,BTO,11,$0.09,($99.00),N,$827.08
12/15/2022,12/15/2022,12/16/2022,Margin,AAPL,AAPL 2022-12-16 Put $130.00,BTO,2,$0.09,($18.00),N,$926.08
12/15/2022,12/15/2022,12/16/2022,Margin,AAPL,AAPL 2022-12-16 Put $130.00,BTO,3,$0.09,($27.00),N,$944.08
12/15/2022,12/15/2022,12/16/2022,Margin,AAPL,AAPL 2022-12-16 Put $133.00,BTO,1,$0.34,($34.00),N,$971.08
12/15/2022,12/15/2022,12/16/2022,Margin,AAPL,AAPL 2023-01-06 Put $134.00,STC,-3,$2.98,$893.96,N,"$1,005.08"
12/15/2022,12/15/2022,12/16/2022,Margin,AAPL,AAPL 2023-01-06 Put $134.00,BTO,1,$2.23,($223.00),N,$111.12
12/15/2022,12/15/2022,12/16/2022,Margin,AAPL,AAPL 2023-01-06 Put $134.00,BTO,1,$2.23,($223.00),N,$334.12
12/15/2022,12/15/2022,12/16/2022,Margin,AAPL,AAPL 2023-01-06 Put $134.00,BTO,1,$2.23,($223.00),N,$557.12
12/14/2022,12/14/2022,12/15/2022,Margin,AAPL,AAPL 2022-12-16 Call $150.00,STC,-32,$0.22,$703.91,N,$780.12
12/14/2022,12/14/2022,12/15/2022,Margin,AAPL,AAPL 2022-12-16 Call $150.00,BTO,30,$0.30,($900.00),N,$76.21
12/14/2022,12/14/2022,12/15/2022,Margin,AAPL,AAPL 2022-12-16 Call $150.00,BTO,1,$0.35,($35.00),N,$976.21
12/14/2022,12/14/2022,12/15/2022,Margin,AAPL,AAPL 2022-12-16 Call $150.00,BTO,1,$0.72,($72.00),N,"$1,011.21"
12/14/2022,12/14/2022,12/15/2022,Margin,CAT,CAT 2022-12-16 Call $242.50,STC,-1,$1.05,$104.98,N,"$1,083.21"
12/14/2022,12/14/2022,12/15/2022,Margin,CAT,CAT 2022-12-16 Call $242.50,STC,-8,$1.17,$935.95,N,$978.23
12/14/2022,12/14/2022,12/15/2022,Margin,CAT,CAT 2022-12-16 Call $242.50,BTO,9,$1.12,"($1,008.00)",N,$42.28
12/13/2022,12/13/2022,12/14/2022,Margin,AAPL,AAPL 2022-12-16 Call $149.00,STC,-1,$2.50,$249.98,N,"$1,050.28"
12/13/2022,12/13/2022,12/14/2022,Margin,AMAT,AMAT 2022-12-16 Call $113.00,STC,-2,$4.00,$799.97,N,$800.30
12/12/2022,12/12/2022,12/13/2022,Margin,AMAT,AMAT 2022-12-16 Call $113.00,BTO,1,$1.50,($150.00),N,$0.33
12/12/2022,12/12/2022,12/12/2022,Margin,,ACH Deposit,ACH,--,,$5.00,N,$150.33
12/12/2022,12/12/2022,12/13/2022,Margin,META,META 2022-12-16 Put $110.00,STC,-1,$1.39,$138.98,N,$145.33
12/12/2022,12/12/2022,12/13/2022,Margin,AMAT,AMAT 2022-12-16 Call $113.00,BTO,1,$1.46,($146.00),N,$6.35
12/12/2022,12/12/2022,12/12/2022,Margin,,ACH Deposit,ACH,--,,$150.00,N,$152.35
12/12/2022,12/12/2022,12/13/2022,Margin,AAPL,AAPL 2022-12-16 Call $149.00,BTO,1,$0.72,($72.00),N,$2.35
12/12/2022,12/12/2022,12/12/2022,Margin,,ACH Deposit,ACH,--,,$70.00,N,$74.35
12/12/2022,12/12/2022,12/13/2022,Margin,META,META 2022-12-16 Put $110.00,BTO,1,$1.76,($176.00),N,$4.35
12/12/2022,12/12/2022,12/13/2022,Margin,AMAT,AMAT 2022-12-16 Call $109.00,STC,-1,$1.80,$179.98,N,$180.35
12/12/2022,12/12/2022,12/13/2022,Margin,AMAT,AMAT 2022-12-16 Call $109.00,BTO,1,$2.48,($248.00),N,$0.37
12/09/2022,12/09/2022,12/12/2022,Margin,--,Option Expiration for CAT 2022-12-09 call $245.00,OEXP,1S,,--,N,$248.37
12/09/2022,12/09/2022,12/12/2022,Margin,AAPL,AAPL 2022-12-16 Call $149.00,STC,-1,$0.79,$78.98,N,$248.37
12/09/2022,12/09/2022,12/12/2022,Margin,AAPL,AAPL 2022-12-16 Call $149.00,STC,-2,$0.79,$157.98,N,$169.39
12/09/2022,12/09/2022,12/12/2022,Margin,AAPL,AAPL 2022-12-16 Call $149.00,BTO,3,$1.01,($303.00),N,$11.41
12/09/2022,12/09/2022,12/09/2022,Margin,,ACH Deposit,ACH,--,,$310.00,N,$314.41
12/02/2022,12/02/2022,12/02/2022,Margin,,ACH Deposit,ACH,--,,$10.00,N,$4.41
12/02/2022,12/02/2022,12/05/2022,Margin,CAT,CAT 2022-12-09 Call $245.00,BTO,1,$0.58,($58.00),N,($5.59)
12/02/2022,12/02/2022,12/05/2022,Margin,AMZN,AMZN 2022-12-02 Call $97.00,STC,-1,$0.04,$3.98,N,$52.41
12/02/2022,12/02/2022,12/05/2022,Margin,AMZN,AMZN 2022-12-02 Call $97.00,STC,-1,$0.04,$3.98,N,$48.43
12/02/2022,12/02/2022,12/05/2022,Margin,AMZN,AMZN 2022-12-02 Call $97.00,STC,-5,$0.04,$19.98,N,$44.45
12/02/2022,12/02/2022,12/05/2022,Margin,AMZN,AMZN 2022-12-02 Call $97.00,STC,-5,$0.04,$19.98,N,$24.47
12/02/2022,12/02/2022,12/02/2022,Margin,,Gold Fee,GOLD,--,,($5.00),N,$4.49
12/01/2022,12/01/2022,12/02/2022,Margin,AMZN,AMZN 2022-12-02 Call $97.00,BTO,12,$0.49,($588.00),N,$9.49
12/01/2022,12/01/2022,12/02/2022,Margin,AAPL,AAPL 2022-12-02 Call $150.00,STC,-8,$0.70,$559.96,N,$597.49
12/01/2022,12/01/2022,12/02/2022,Margin,AAPL,AAPL 2022-12-02 Call $150.00,BTO,7,$0.54,($378.00),N,$37.53
12/01/2022,12/01/2022,12/02/2022,Margin,AAPL,AAPL 2022-12-02 Call $150.00,BTO,1,$0.51,($51.00),N,$415.53
12/01/2022,12/01/2022,12/02/2022,Margin,AAPL,AAPL 2022-12-02 Call $150.00,STC,-10,$0.38,$379.97,N,$466.53
12/01/2022,12/01/2022,12/02/2022,Margin,AAPL,AAPL 2022-12-02 Call $150.00,BTO,1,$0.57,($57.00),N,$86.56
12/01/2022,12/01/2022,12/02/2022,Margin,AAPL,AAPL 2022-12-02 Call $150.00,BTO,7,$0.57,($399.00),N,$143.56
12/01/2022,12/01/2022,12/02/2022,Margin,AAPL,AAPL 2022-12-02 Call $150.00,BTO,2,$0.57,($114.00),N,$542.56
12/01/2022,12/01/2022,12/02/2022,Margin,AAPL,AAPL 2022-12-02 Call $150.00,STC,-18,$0.34,$611.94,N,$656.56
12/01/2022,12/01/2022,12/02/2022,Margin,AAPL,AAPL 2022-12-02 Call $150.00,BTO,18,$0.54,($972.00),N,$44.62
12/01/2022,12/01/2022,12/02/2022,Margin,AAPL,AAPL 2022-12-09 Call $155.00,STC,-3,$0.36,$107.98,N,"$1,016.62"
12/01/2022,12/01/2022,12/02/2022,Margin,AAPL,AAPL 2022-12-02 Call $150.00,STC,-10,$0.46,$459.96,N,$908.64
11/30/2022,11/30/2022,12/01/2022,Margin,AAPL,AAPL 2022-12-02 Call $150.00,BTO,10,$0.30,($300.00),N,$448.68
11/30/2022,11/30/2022,12/01/2022,Margin,AAPL,AAPL 2022-12-09 Call $155.00,BTO,3,$0.24,($72.00),N,$748.68
11/30/2022,11/30/2022,12/01/2022,Margin,NFLX,NFLX 2022-12-02 Call $290.00,STC,-1,$3.76,$375.98,N,$820.68
11/30/2022,11/30/2022,12/01/2022,Margin,NFLX,NFLX 2022-12-02 Call $290.00,STC,-1,$3.76,$375.98,N,$444.70
11/29/2022,11/29/2022,11/30/2022,Margin,NFLX,NFLX 2022-12-02 Call $290.00,BTO,1,$1.63,($163.00),N,$68.72
11/29/2022,11/29/2022,11/30/2022,Margin,NFLX,NFLX 2022-12-02 Call $290.00,BTO,1,$1.63,($163.00),N,$231.72
11/29/2022,11/29/2022,11/29/2022,Margin,,"23 MILE PETR-K215626 MACOMB, MI",CARD,--,,($63.25),N,$394.72
11/23/2022,11/23/2022,11/23/2022,Margin,,ACH Withdrawal,ACH,--,,($100.00),N,$457.97
11/23/2022,11/23/2022,11/25/2022,Margin,AMD,AMD 2022-11-25 Call $74.00,STC,-3,$1.83,$548.97,N,$557.97
11/22/2022,11/22/2022,11/23/2022,Margin,AMD,AMD 2022-11-25 Call $74.00,BTO,1,$1.07,($107.00),N,$9.00
11/22/2022,11/22/2022,11/23/2022,Margin,AMD,AMD 2022-11-25 Call $74.00,BTO,2,$1.07,($214.00),N,$116.00
11/22/2022,11/22/2022,11/22/2022,Margin,,ACH Deposit,ACH,--,,$330.00,N,$330.00
11/08/2022,11/08/2022,11/08/2022,Margin,,ACH Deposit,ACH,--,,$1.37,N,$0.00
11/04/2022,11/04/2022,11/07/2022,Margin,--,Option Expiration for OXY 2022-11-04 call $78.00,OEXP,1S,,--,N,($1.37)
11/02/2022,11/02/2022,11/02/2022,Margin,,Gold Fee,GOLD,--,,($5.00),N,($1.37)
10/31/2022,10/31/2022,11/01/2022,Margin,OXY,OXY 2022-11-04 Call $78.00,BTO,1,$0.36,($36.00),N,$3.63
10/31/2022,10/31/2022,10/31/2022,Margin,,ACH Deposit,ACH,--,,$39.00,N,$39.63
10/31/2022,10/31/2022,11/02/2022,Margin,AMD,AMD,Buy,81.310983,$59.96,"($4,875.00)",N,$0.63
10/31/2022,10/31/2022,10/31/2022,Margin,,ACH Deposit,ACH,--,,$500.00,N,"$4,875.63"
10/31/2022,10/31/2022,11/01/2022,Margin,OXY,OXY 2022-11-04 Call $75.00,STC,-1,$1.09,$108.98,N,"$4,375.63"
10/31/2022,10/31/2022,11/01/2022,Margin,OXY,OXY 2022-11-04 Call $75.00,STC,-1,$1.09,$108.98,N,"$4,266.65"
10/31/2022,10/31/2022,11/01/2022,Margin,OXY,OXY 2022-11-04 Call $75.00,STC,-1,$1.09,$108.98,N,"$4,157.67"
10/31/2022,10/31/2022,11/01/2022,Margin,OXY,OXY 2022-11-04 Call $75.00,BTO,3,$0.86,($258.00),N,"$4,048.69"
10/28/2022,10/28/2022,10/31/2022,Margin,SRPT,SRPT 2022-10-28 Call $117.00,STC,-10,$0.05,$49.97,N,"$4,306.69"
10/26/2022,10/26/2022,10/27/2022,Margin,SRPT,SRPT 2022-10-28 Call $117.00,BTO,7,$1.00,($700.00),N,"$4,256.72"
10/26/2022,10/26/2022,10/27/2022,Margin,SRPT,SRPT 2022-10-28 Call $117.00,BTO,2,$1.00,($200.00),N,"$4,956.72"
10/26/2022,10/26/2022,10/27/2022,Margin,OXY,OXY 2022-10-28 Call $75.00,STC,-5,$0.24,$119.98,N,"$5,156.72"
10/26/2022,10/26/2022,10/27/2022,Margin,OXY,OXY 2022-10-28 Call $75.00,STC,-5,$0.24,$119.98,N,"$5,036.74"
10/26/2022,10/26/2022,10/27/2022,Margin,SRPT,SRPT 2022-10-28 Call $117.00,BTO,1,$1.00,($100.00),N,"$4,916.76"
10/24/2022,10/24/2022,10/25/2022,Margin,OXY,OXY 2022-10-28 Call $75.00,BTO,2,$0.31,($62.00),N,"$5,016.76"
10/24/2022,10/24/2022,10/25/2022,Margin,OXY,OXY 2022-10-28 Call $75.00,BTO,2,$0.31,($62.00),N,"$5,078.76"
10/24/2022,10/24/2022,10/25/2022,Margin,OXY,OXY 2022-10-28 Call $75.00,BTO,4,$0.31,($124.00),N,"$5,140.76"
10/24/2022,10/24/2022,10/25/2022,Margin,OXY,OXY 2022-10-28 Call $75.00,BTO,1,$0.31,($31.00),N,"$5,264.76"
10/24/2022,10/24/2022,10/25/2022,Margin,OXY,OXY 2022-10-28 Call $75.00,BTO,1,$0.31,($31.00),N,"$5,295.76"
10/24/2022,10/24/2022,10/25/2022,Margin,OXY,OXY 2022-10-28 Call $75.00,STC,-10,$0.34,$339.97,N,"$5,326.76"
10/24/2022,10/24/2022,10/25/2022,Margin,OXY,OXY 2022-10-28 Call $75.00,BTO,2,$0.42,($84.00),N,"$4,986.79"
10/24/2022,10/24/2022,10/25/2022,Margin,OXY,OXY 2022-10-28 Call $75.00,BTO,8,$0.42,($336.00),N,"$5,070.79"
10/24/2022,10/24/2022,10/25/2022,Margin,OXY,OXY 2022-10-28 Call $75.00,STC,-7,$0.40,$279.97,N,"$5,406.79"
10/24/2022,10/24/2022,10/25/2022,Margin,OXY,OXY 2022-10-28 Call $75.00,STC,-1,$0.40,$39.98,N,"$5,126.82"
10/24/2022,10/24/2022,10/25/2022,Margin,OXY,OXY 2022-10-28 Call $75.00,STC,-2,$0.40,$79.98,N,"$5,086.84"
10/24/2022,10/24/2022,10/25/2022,Margin,OXY,OXY 2022-10-28 Call $75.00,BTO,2,$0.45,($90.00),N,"$5,006.86"
10/24/2022,10/24/2022,10/25/2022,Margin,OXY,OXY 2022-10-28 Call $75.00,BTO,2,$0.45,($90.00),N,"$5,096.86"
10/24/2022,10/24/2022,10/25/2022,Margin,OXY,OXY 2022-10-28 Call $75.00,BTO,2,$0.45,($90.00),N,"$5,186.86"
10/24/2022,10/24/2022,10/25/2022,Margin,OXY,OXY 2022-10-28 Call $75.00,BTO,2,$0.45,($90.00),N,"$5,276.86"
10/24/2022,10/24/2022,10/25/2022,Margin,OXY,OXY 2022-10-28 Call $75.00,BTO,2,$0.45,($90.00),N,"$5,366.86"
10/24/2022,10/24/2022,10/25/2022,Margin,OXY,OXY 2022-10-28 Call $75.00,STC,-10,$0.45,$449.96,N,"$5,456.86"
10/24/2022,10/24/2022,10/25/2022,Margin,OXY,OXY 2022-10-28 Call $75.00,BTO,2,$0.63,($126.00),N,"$5,006.90"
10/24/2022,10/24/2022,10/25/2022,Margin,OXY,OXY 2022-10-28 Call $75.00,BTO,2,$0.63,($126.00),N,"$5,132.90"
10/24/2022,10/24/2022,10/24/2022,Margin,,ACH Deposit,ACH,--,,$280.00,N,"$5,258.90"
10/24/2022,10/24/2022,10/25/2022,Margin,OXY,OXY 2022-10-28 Call $75.00,BTO,1,$0.61,($61.00),N,"$4,978.90"
10/24/2022,10/24/2022,10/25/2022,Margin,OXY,OXY 2022-10-28 Call $75.00,BTO,3,$0.61,($183.00),N,"$5,039.90"
10/24/2022,10/24/2022,10/25/2022,Margin,OXY,OXY 2022-10-28 Call $75.00,BTO,2,$0.59,($118.00),N,"$5,222.90"
10/24/2022,10/24/2022,10/25/2022,Margin,DLTR,DLTR 2022-10-28 Call $147.00,STC,-2,$1.70,$339.98,N,"$5,340.90"
10/21/2022,10/21/2022,10/24/2022,Margin,DLTR,DLTR 2022-10-28 Call $147.00,BTO,2,$1.15,($230.00),N,"$5,000.92"
10/21/2022,10/21/2022,10/24/2022,Margin,ABBV,ABBV 2022-10-28 Call $149.00,STC,-1,$2.30,$229.98,N,"$5,230.92"
10/21/2022,10/21/2022,10/24/2022,Margin,ABBV,ABBV 2022-10-28 Call $149.00,BTO,1,$1.46,($146.00),N,"$5,000.94"
10/19/2022,10/19/2022,10/20/2022,Margin,AMD,AMD 2022-10-21 Call $60.00,STC,-3,$0.30,$89.98,N,"$5,146.94"
10/19/2022,10/19/2022,10/20/2022,Margin,AMD,AMD 2022-10-21 Call $60.00,STC,-1,$0.30,$29.98,N,"$5,056.96"
10/19/2022,10/19/2022,10/20/2022,Margin,AMD,AMD 2022-10-21 Call $60.00,STC,-1,$0.30,$29.98,N,"$5,026.98"
10/19/2022,10/19/2022,10/20/2022,Margin,AMD,AMD 2022-10-21 Call $60.00,BTO,1,$0.42,($42.00),N,"$4,997.00"
10/19/2022,10/19/2022,10/20/2022,Margin,AMD,AMD 2022-10-21 Call $60.00,BTO,2,$0.42,($84.00),N,"$5,039.00"
10/19/2022,10/19/2022,10/20/2022,Margin,AMD,AMD 2022-10-21 Call $60.00,BTO,2,$0.42,($84.00),N,"$5,123.00"
10/19/2022,10/19/2022,10/20/2022,Margin,AMD,AMD 2022-10-21 Call $60.00,STC,-3,$0.52,$155.98,N,"$5,207.00"
10/19/2022,10/19/2022,10/20/2022,Margin,AMD,AMD 2022-10-21 Call $60.00,BTO,3,$0.77,($231.00),N,"$5,051.02"
10/19/2022,10/19/2022,10/20/2022,Margin,SRPT,SRPT 2022-10-21 Call $118.00,STC,-4,$0.80,$319.98,N,"$5,282.02"
10/17/2022,10/17/2022,10/18/2022,Margin,SRPT,SRPT 2022-10-21 Call $118.00,BTO,2,$1.37,($274.00),N,"$4,962.04"
10/17/2022,10/17/2022,10/18/2022,Margin,SRPT,SRPT 2022-10-21 Call $118.00,BTO,2,$1.37,($274.00),N,"$5,236.04"
10/17/2022,10/17/2022,10/18/2022,Margin,ABBV,ABBV 2022-10-21 Call $147.00,STC,-10,$0.46,$459.96,N,"$5,510.04"
10/17/2022,10/17/2022,10/18/2022,Margin,ABBV,ABBV 2022-10-21 Call $147.00,BTO,10,$0.80,($800.00),N,"$5,050.08"
10/17/2022,10/17/2022,10/18/2022,Margin,CAH,CAH 2022-10-21 Call $71.00,STC,-2,$0.35,$69.98,N,"$5,850.08"
10/17/2022,10/17/2022,10/18/2022,Margin,CAH,CAH 2022-10-21 Call $71.00,STC,-2,$0.35,$69.98,N,"$5,780.10"
10/17/2022,10/17/2022,10/18/2022,Margin,CAH,CAH 2022-10-21 Call $71.00,STC,-2,$0.35,$69.98,N,"$5,710.12"
10/17/2022,10/17/2022,10/18/2022,Margin,CAH,CAH 2022-10-21 Call $71.00,STC,-4,$0.35,$139.98,N,"$5,640.14"
10/17/2022,10/17/2022,10/18/2022,Margin,CAH,CAH 2022-10-21 Call $71.00,BTO,4,$0.40,($160.00),N,"$5,500.16"
10/17/2022,10/17/2022,10/18/2022,Margin,CAH,CAH 2022-10-21 Call $71.00,BTO,5,$0.40,($200.00),N,"$5,660.16"
10/17/2022,10/17/2022,10/18/2022,Margin,CAH,CAH 2022-10-21 Call $71.00,BTO,1,$0.40,($40.00),N,"$5,860.16"
10/14/2022,10/14/2022,10/14/2022,Margin,,ACH Deposit,ACH,--,,"$5,900.00",N,"$5,900.16"
10/07/2022,10/07/2022,10/10/2022,Margin,--,Option Expiration for NFLX 2022-10-07 call $255.00,OEXP,1S,,--,N,$0.16
10/07/2022,10/07/2022,10/10/2022,Margin,--,Option Expiration for NFLX 2022-10-07 call $250.00,OEXP,4S,,--,N,$0.16
10/06/2022,10/06/2022,10/07/2022,Margin,NFLX,NFLX 2022-10-07 Call $255.00,BTO,1,$0.19,($19.00),N,$0.16
10/05/2022,10/05/2022,10/06/2022,Margin,NFLX,NFLX 2022-10-07 Call $250.00,BTO,4,$0.35,($140.00),N,$19.16
10/05/2022,10/05/2022,10/06/2022,Margin,NFLX,NFLX 2022-10-07 Call $250.00,STC,-6,$0.21,$125.98,N,$159.16
10/04/2022,10/04/2022,10/05/2022,Margin,NFLX,NFLX 2022-10-07 Call $250.00,BTO,1,$1.80,($180.00),N,$33.18
10/04/2022,10/04/2022,10/04/2022,Margin,,ACH Deposit,ACH,--,,$180.00,N,$213.18
10/04/2022,10/04/2022,10/05/2022,Margin,NFLX,NFLX 2022-10-07 Call $250.00,BTO,5,$1.53,($765.00),N,$33.18
10/04/2022,10/04/2022,10/05/2022,Margin,NFLX,NFLX 2022-10-07 Call $250.00,STC,-6,$1.12,$671.97,N,$798.18
10/04/2022,10/04/2022,10/05/2022,Margin,NFLX,NFLX 2022-10-07 Call $250.00,STC,-1,$1.11,$110.98,N,$126.21
10/04/2022,10/04/2022,10/05/2022,Margin,NFLX,NFLX 2022-10-07 Call $250.00,BTO,1,$1.78,($178.00),N,$15.23
10/04/2022,10/04/2022,10/04/2022,Margin,,ACH Deposit,ACH,--,,$180.00,N,$193.23
10/04/2022,10/04/2022,10/05/2022,Margin,NFLX,NFLX 2022-10-07 Call $250.00,BTO,2,$1.54,($308.00),N,$13.23
10/04/2022,10/04/2022,10/04/2022,Margin,,ACH Deposit,ACH,--,,$260.00,N,$321.23
10/04/2022,10/04/2022,10/05/2022,Margin,NFLX,NFLX 2022-10-07 Call $250.00,BTO,4,$2.07,($828.00),N,$61.23
10/04/2022,10/04/2022,10/05/2022,Margin,NFLX,NFLX 2022-10-07 Call $250.00,STC,-5,$1.65,$824.97,N,$889.23
10/03/2022,10/03/2022,10/04/2022,Margin,NFLX,NFLX 2022-10-07 Call $250.00,BTO,1,$2.19,($219.00),N,$64.26
10/03/2022,10/03/2022,10/03/2022,Margin,,ACH Deposit,ACH,--,,$100.00,N,$283.26
10/03/2022,10/03/2022,10/04/2022,Margin,NFLX,NFLX 2022-10-07 Call $250.00,BTO,4,$2.11,($844.00),N,$183.26
10/03/2022,10/03/2022,10/04/2022,Margin,NFLX,NFLX 2022-10-07 Call $250.00,STC,-2,$1.92,$383.98,N,"$1,027.26"
10/03/2022,10/03/2022,10/04/2022,Margin,NFLX,NFLX 2022-10-07 Call $250.00,STC,-1,$1.91,$190.98,N,$643.28
10/03/2022,10/03/2022,10/04/2022,Margin,NFLX,NFLX 2022-10-07 Call $250.00,STC,-1,$1.90,$189.98,N,$452.30
10/03/2022,10/03/2022,10/04/2022,Margin,NFLX,NFLX 2022-10-07 Call $250.00,STC,-1,$1.90,$189.98,N,$262.32
10/03/2022,10/03/2022,10/04/2022,Margin,NFLX,NFLX 2022-10-07 Call $250.00,BTO,5,$1.94,($970.00),N,$72.34
10/03/2022,10/03/2022,10/03/2022,Margin,,Gold Fee,GOLD,--,,($5.00),N,"$1,042.34"
10/03/2022,10/03/2022,10/03/2022,Margin,,FDIC Sweep Start of Day Movement,FSWP,--,,$4.61,N,"$1,047.34"
10/03/2022,10/03/2022,10/03/2022,Sweep,,FDIC Sweep Start of Day Movement,FSWP,--,,($4.61),N,"$1,042.73"
09/30/2022,09/30/2022,09/30/2022,Sweep,,Interest Payment,INT,--,,$4.61,N,"$1,047.34"
09/30/2022,09/30/2022,09/30/2022,Margin,,ACH Deposit,ACH,--,,"$1,000.00",N,"$1,042.73"
09/30/2022,09/30/2022,10/04/2022,Margin,AMD,AMD,Buy,0.002892,$65.68,($0.19),N,$42.73
09/30/2022,09/30/2022,10/04/2022,Margin,AMD,AMD,Buy,380.604399,$65.68,"($24,999.81)",N,$42.92
09/29/2022,09/29/2022,09/29/2022,Margin,,ACH Deposit,ACH,--,,$180.00,N,"$25,042.73"
09/29/2022,09/29/2022,09/29/2022,Margin,,ACH Deposit,ACH,--,,$20.00,N,"$24,862.73"
09/29/2022,09/29/2022,09/30/2022,Margin,NFLX,NFLX 2022-09-30 Call $252.50,STC,-10,$0.63,$629.96,N,"$24,842.73"
09/29/2022,09/29/2022,09/30/2022,Margin,NFLX,NFLX 2022-09-30 Call $252.50,BTO,8,$1.00,($800.00),N,"$24,212.77"
09/29/2022,09/29/2022,09/30/2022,Margin,NFLX,NFLX 2022-09-30 Call $252.50,BTO,2,$1.36,($272.00),N,"$25,012.77"
09/29/2022,09/29/2022,09/30/2022,Margin,NFLX,NFLX 2022-09-30 Call $252.50,STC,-1,$1.04,$103.98,N,"$25,284.77"
09/29/2022,09/29/2022,09/30/2022,Margin,NFLX,NFLX 2022-09-30 Call $252.50,STC,-2,$1.05,$209.98,N,"$25,180.79"
09/29/2022,09/29/2022,09/30/2022,Margin,NFLX,NFLX 2022-09-30 Call $252.50,BTO,3,$1.62,($486.00),N,"$24,970.81"
09/29/2022,09/29/2022,09/30/2022,Margin,ABBV,ABBV 2022-09-30 Call $146.00,STC,-20,$0.26,$519.94,N,"$25,456.81"
09/29/2022,09/29/2022,09/29/2022,Margin,,FDIC Sweep Start of Day Movement,FSWP,--,,"$25,161.19",N,"$24,936.87"
09/29/2022,09/29/2022,09/29/2022,Sweep,,FDIC Sweep Start of Day Movement,FSWP,--,,"($25,161.19)",N,($224.32)
09/28/2022,09/28/2022,09/29/2022,Margin,ABBV,ABBV 2022-09-30 Call $146.00,BTO,20,$0.66,"($1,320.00)",N,"$24,936.87"
09/28/2022,09/28/2022,09/29/2022,Margin,ABBV,ABBV 2022-09-30 Call $146.00,STC,-20,$0.55,"$1,099.93",N,"$26,256.87"
09/28/2022,09/28/2022,09/29/2022,Margin,ABBV,ABBV 2022-09-30 Call $146.00,BTO,9,$0.70,($630.00),N,"$25,156.94"
09/28/2022,09/28/2022,09/29/2022,Margin,ABBV,ABBV 2022-09-30 Call $146.00,BTO,1,$0.70,($70.00),N,"$25,786.94"
09/28/2022,09/28/2022,09/29/2022,Margin,ABBV,ABBV 2022-09-30 Call $146.00,BTO,4,$0.70,($280.00),N,"$25,856.94"
09/28/2022,09/28/2022,09/29/2022,Margin,ABBV,ABBV 2022-09-30 Call $146.00,BTO,1,$0.70,($70.00),N,"$26,136.94"
09/28/2022,09/28/2022,09/29/2022,Margin,ABBV,ABBV 2022-09-30 Call $146.00,BTO,2,$0.70,($140.00),N,"$26,206.94"
09/28/2022,09/28/2022,09/29/2022,Margin,ABBV,ABBV 2022-09-30 Call $146.00,BTO,3,$0.70,($210.00),N,"$26,346.94"
09/28/2022,09/28/2022,09/28/2022,Margin,,ACH Withdrawal,ACH,--,,"($2,000.00)",N,"$26,556.94"
09/28/2022,09/28/2022,09/29/2022,Margin,ABBV,ABBV 2022-09-30 Call $146.00,STC,-15,$0.75,"$1,124.94",N,"$28,556.94"
09/28/2022,09/28/2022,09/29/2022,Margin,ABBV,ABBV 2022-09-30 Call $146.00,BTO,15,$0.90,"($1,350.00)",N,"$27,432.00"
09/28/2022,09/28/2022,09/29/2022,Margin,ABBV,ABBV 2022-09-30 Call $146.00,STC,-1,$0.90,$89.98,N,"$28,782.00"
09/28/2022,09/28/2022,09/29/2022,Margin,ABBV,ABBV 2022-09-30 Call $146.00,BTO,1,$0.90,($90.00),N,"$28,692.02"
09/28/2022,09/28/2022,09/29/2022,Margin,NFLX,NFLX 2022-09-30 Call $250.00,STC,-20,$1.72,"$3,439.88",N,"$28,782.02"
09/28/2022,09/28/2022,09/29/2022,Margin,NFLX,NFLX 2022-09-30 Call $250.00,BTO,2,$0.58,($116.00),N,"$25,342.14"
09/28/2022,09/28/2022,09/29/2022,Margin,NFLX,NFLX 2022-09-30 Call $250.00,BTO,3,$0.58,($174.00),N,"$25,458.14"
09/28/2022,09/28/2022,09/29/2022,Margin,NFLX,NFLX 2022-09-30 Call $250.00,BTO,4,$0.61,($244.00),N,"$25,632.14"
09/28/2022,09/28/2022,09/29/2022,Margin,NFLX,NFLX 2022-09-30 Call $250.00,BTO,4,$0.61,($244.00),N,"$25,876.14"
09/28/2022,09/28/2022,09/29/2022,Margin,NFLX,NFLX 2022-09-30 Call $250.00,BTO,7,$0.63,($441.00),N,"$26,120.14"
09/28/2022,09/28/2022,09/29/2022,Margin,REGN,REGN 2022-09-30 Call $710.00,STC,-1,$14.00,"$1,399.95",N,"$26,561.14"
09/28/2022,09/28/2022,09/28/2022,Margin,,FDIC Sweep Start of Day Movement,FSWP,--,,$14.20,N,"$25,161.19"
09/28/2022,09/28/2022,09/28/2022,Sweep,,FDIC Sweep Start of Day Movement,FSWP,--,,($14.20),N,"$25,146.99"
09/27/2022,09/27/2022,09/28/2022,Margin,REGN,REGN 2022-09-30 Call $710.00,BTO,1,$8.00,($800.00),N,"$25,161.19"
09/27/2022,09/27/2022,09/28/2022,Margin,REGN,REGN 2022-09-30 Call $710.00,STC,-1,$7.50,$749.97,N,"$25,961.19"
09/27/2022,09/27/2022,09/28/2022,Margin,REGN,REGN 2022-09-30 Call $710.00,BTO,1,$8.00,($800.00),N,"$25,211.22"
09/27/2022,09/27/2022,09/28/2022,Margin,ABBV,ABBV 2022-09-30 Call $146.00,STC,-12,$0.73,$875.94,N,"$26,011.22"
09/27/2022,09/27/2022,09/28/2022,Margin,ABBV,ABBV 2022-09-30 Call $146.00,BTO,1,$1.00,($100.00),N,"$25,135.28"
09/27/2022,09/27/2022,09/28/2022,Margin,ABBV,ABBV 2022-09-30 Call $146.00,BTO,1,$1.00,($100.00),N,"$25,235.28"
09/27/2022,09/27/2022,09/28/2022,Margin,ABBV,ABBV 2022-09-30 Call $146.00,BTO,10,$1.10,"($1,100.00)",N,"$25,335.28"
09/27/2022,09/27/2022,09/28/2022,Margin,NFLX,NFLX 2022-09-30 Call $250.00,STC,-35,$0.36,"$1,259.89",N,"$26,435.28"
09/27/2022,09/27/2022,09/27/2022,Sweep,,FDIC Sweep Start of Day Movement,FSWP,--,,"$23,689.92",N,"$25,175.39"
09/27/2022,09/27/2022,09/27/2022,Margin,,FDIC Sweep Start of Day Movement,FSWP,--,,"($23,689.92)",N,"$1,485.47"
09/26/2022,09/26/2022,09/27/2022,Margin,NFLX,NFLX 2022-09-30 Call $250.00,BTO,35,$0.42,"($1,470.00)",N,"$25,175.39"
09/26/2022,09/26/2022,09/26/2022,Margin,,ACH Withdrawal,ACH,--,,($500.00),N,"$26,645.39"
09/26/2022,09/26/2022,09/27/2022,Margin,NFLX,NFLX 2022-09-30 Call $250.00,STC,-15,$1.29,"$1,934.92",N,"$27,145.39"
09/26/2022,09/26/2022,09/27/2022,Margin,NFLX,NFLX 2022-09-30 Call $250.00,BTO,14,$0.85,"($1,190.00)",N,"$25,210.47"
09/26/2022,09/26/2022,09/27/2022,Margin,NFLX,NFLX 2022-09-30 Call $250.00,BTO,1,$0.85,($85.00),N,"$26,400.47"
09/26/2022,09/26/2022,09/26/2022,Margin,,ACH Deposit,ACH,--,,"$25,000.00",N,"$26,485.47"
09/23/2022,09/23/2022,09/26/2022,Margin,--,Option Expiration for ABBV 2022-09-23 call $146.00,OEXP,5S,,--,N,"$1,485.47"
09/23/2022,09/23/2022,09/23/2022,Margin,,FDIC Sweep Start of Day Movement,FSWP,--,,$135.00,N,"$1,485.47"
09/23/2022,09/23/2022,09/23/2022,Sweep,,FDIC Sweep Start of Day Movement,FSWP,--,,($135.00),N,"$1,350.47"
09/22/2022,09/22/2022,09/23/2022,Margin,ABBV,ABBV 2022-09-23 Call $146.00,BTO,5,$0.27,($135.00),N,"$1,485.47"
09/22/2022,09/22/2022,09/22/2022,Sweep,,FDIC Sweep Start of Day Movement,FSWP,--,,"$1,620.47",N,"$1,620.47"
09/22/2022,09/22/2022,09/22/2022,Margin,,FDIC Sweep Start of Day Movement,FSWP,--,,"($1,620.47)",N,$0.00
09/21/2022,09/21/2022,09/21/2022,Margin,,FDIC Sweep Journal,FSWP,--,,$20.59,N,"$1,620.47"
09/21/2022,09/21/2022,09/21/2022,Sweep,,FDIC Sweep Journal,FSWP,--,,($20.59),N,"$1,599.88"
09/21/2022,09/21/2022,09/21/2022,Margin,,ACH Withdrawal,ACH,--,,"($2,800.00)",N,"$1,620.47"
09/21/2022,09/21/2022,09/22/2022,Margin,NOC,NOC 2022-09-23 Call $500.00,STC,-4,$11.00,"$4,399.88",N,"$4,420.47"
09/21/2022,09/21/2022,09/21/2022,Sweep,,FDIC Sweep Start of Day Movement,FSWP,--,,$20.53,N,$20.59
09/21/2022,09/21/2022,09/21/2022,Margin,,FDIC Sweep Start of Day Movement,FSWP,--,,($20.53),N,$0.06
09/20/2022,09/20/2022,09/20/2022,Sweep,,Interest Payment,INT,--,,$0.06,N,$20.59
09/20/2022,09/20/2022,09/21/2022,Margin,NOC,NOC 2022-09-23 Call $500.00,BTO,2,$3.00,($600.00),N,$20.53
09/20/2022,09/20/2022,09/21/2022,Margin,NOC,NOC 2022-09-23 Call $500.00,BTO,1,$2.90,($290.00),N,$620.53
09/20/2022,09/20/2022,09/21/2022,Margin,NOC,NOC 2022-09-23 Call $500.00,BTO,1,$2.90,($290.00),N,$910.53
09/20/2022,09/20/2022,09/20/2022,Margin,,FDIC Sweep Journal,FSWP,--,,$27.62,N,"$1,200.53"
09/20/2022,09/20/2022,09/20/2022,Sweep,,FDIC Sweep Journal,FSWP,--,,($27.62),N,"$1,172.91"
09/20/2022,09/20/2022,09/20/2022,Margin,,ACH Withdrawal,ACH,--,,($439.00),N,"$1,200.53"
09/20/2022,09/20/2022,09/21/2022,Margin,TSLA,TSLA 2022-09-23 Call $316.67,STC,-1,$4.90,$489.97,N,"$1,639.53"
09/20/2022,09/20/2022,09/21/2022,Margin,TSLA,TSLA 2022-09-23 Call $316.67,STC,-2,$4.90,$979.96,N,"$1,149.56"
09/20/2022,09/20/2022,09/21/2022,Margin,NFLX,NFLX 2022-09-23 Call $260.00,STC,-1,$1.42,$141.98,N,$169.60
09/20/2022,09/20/2022,09/20/2022,Sweep,,FDIC Sweep Start of Day Movement,FSWP,--,,$27.62,N,$27.62
09/20/2022,09/20/2022,09/20/2022,Margin,,FDIC Sweep Start of Day Movement,FSWP,--,,($27.62),N,$0.00
09/19/2022,09/19/2022,09/20/2022,Margin,NFLX,NFLX 2022-09-23 Call $260.00,BTO,1,$1.68,($168.00),N,$27.62
09/19/2022,09/19/2022,09/20/2022,Margin,TSLA,TSLA 2022-09-23 Call $316.67,BTO,3,$3.35,"($1,005.00)",N,$195.62
09/19/2022,09/19/2022,09/19/2022,Margin,,ACH Withdrawal,ACH,--,,($369.00),N,"$1,200.62"
09/19/2022,09/19/2022,09/20/2022,Margin,TSLA,TSLA 2022-09-23 Call $315.00,STC,-2,$4.53,$905.96,N,"$1,569.62"
09/19/2022,09/19/2022,09/20/2022,Margin,TSLA,TSLA 2022-09-23 Call $315.00,STC,-1,$4.53,$452.97,N,$663.66
09/19/2022,09/19/2022,09/20/2022,Margin,TSLA,TSLA 2022-09-23 Call $315.00,BTO,3,$3.30,($990.00),N,$210.69
09/19/2022,09/19/2022,09/19/2022,Margin,,FDIC Sweep Journal,FSWP,--,,$85.75,N,"$1,200.69"
09/19/2022,09/19/2022,09/19/2022,Sweep,,FDIC Sweep Journal,FSWP,--,,($85.75),N,"$1,114.94"
09/19/2022,09/19/2022,09/19/2022,Margin,,ACH Withdrawal,ACH,--,,($516.00),N,"$1,200.69"
09/19/2022,09/19/2022,09/20/2022,Margin,NFLX,NFLX 2022-09-23 Call $260.00,STC,-7,$2.33,"$1,630.94",N,"$1,716.69"
09/19/2022,09/19/2022,09/19/2022,Sweep,,FDIC Sweep Start of Day Movement,FSWP,--,,$63.81,N,$85.75
09/19/2022,09/19/2022,09/19/2022,Margin,,FDIC Sweep Start of Day Movement,FSWP,--,,($63.81),N,$21.94
09/16/2022,09/16/2022,09/19/2022,Margin,--,Option Expiration for PANW 2022-09-16 call $196.67,OEXP,6S,,--,N,$85.75
09/16/2022,09/16/2022,09/19/2022,Margin,--,Option Expiration for PANW 2022-09-16 call $195.00,OEXP,15S,,--,N,$85.75
09/16/2022,09/16/2022,09/19/2022,Margin,NFLX,NFLX 2022-09-23 Call $260.00,BTO,7,$1.46,"($1,022.00)",N,$85.75
09/16/2022,09/16/2022,09/19/2022,Margin,NFLX,NFLX 2022-09-16 Call $240.00,STC,-2,$0.45,$89.98,N,"$1,107.75"
09/16/2022,09/16/2022,09/19/2022,Margin,NFLX,NFLX 2022-09-16 Call $240.00,STC,-18,$0.47,$845.94,N,"$1,017.77"
09/16/2022,09/16/2022,09/19/2022,Margin,NFLX,NFLX 2022-09-16 Call $240.00,BTO,20,$0.65,"($1,300.00)",N,$171.83
09/16/2022,09/16/2022,09/16/2022,Margin,,ACH Withdrawal,ACH,--,,($420.00),N,"$1,471.83"
09/16/2022,09/16/2022,09/19/2022,Margin,NFLX,NFLX 2022-09-23 Call $255.00,STC,-1,$1.87,$186.98,N,"$1,891.83"
09/16/2022,09/16/2022,09/19/2022,Margin,NFLX,NFLX 2022-09-23 Call $255.00,STC,-5,$1.87,$934.96,N,"$1,704.85"
09/16/2022,09/16/2022,09/19/2022,Margin,NFLX,NFLX 2022-09-23 Call $255.00,STC,-1,$1.87,$186.98,N,$769.89
09/16/2022,09/16/2022,09/19/2022,Margin,NFLX,NFLX 2022-09-23 Call $255.00,STC,-3,$1.87,$560.97,N,$582.91
09/16/2022,09/16/2022,09/19/2022,Margin,NFLX,NFLX 2022-09-23 Call $255.00,BTO,10,$1.20,"($1,200.00)",N,$21.94
09/16/2022,09/16/2022,09/16/2022,Margin,,ACH Deposit,ACH,--,,"$1,200.00",N,"$1,221.94"
09/14/2022,09/14/2022,09/14/2022,Margin,--,PANW 09/16/2022 Call $195.00,OCA,15,,--,N,$21.94
09/14/2022,09/14/2022,09/14/2022,Margin,--,PANW 09/16/2022 Call $585.00,OCA,5S,,--,N,$21.94
09/14/2022,09/14/2022,09/14/2022,Margin,--,PANW 09/16/2022 Call $196.67,OCA,6,,--,N,$21.94
09/14/2022,09/14/2022,09/14/2022,Margin,--,PANW 09/16/2022 Call $590.00,OCA,2S,,--,N,$21.94
09/14/2022,09/14/2022,09/14/2022,Sweep,,FDIC Sweep Start of Day Movement,FSWP,--,,$7.90,N,$21.94
09/14/2022,09/14/2022,09/14/2022,Margin,,FDIC Sweep Start of Day Movement,FSWP,--,,($7.90),N,$14.04
09/13/2022,09/13/2022,09/14/2022,Margin,PANW,PANW 2022-09-16 Call $585.00,BTO,5,$0.50,($250.00),N,$21.94
09/13/2022,09/13/2022,09/13/2022,Margin,,ACH Deposit,ACH,--,,$270.00,N,$271.94
09/13/2022,09/13/2022,09/14/2022,Margin,PANW,PANW 2022-09-16 Call $590.00,BTO,2,$0.50,($100.00),N,$1.94
09/13/2022,09/13/2022,09/14/2022,Margin,META,META 2022-09-16 Call $180.00,STC,-10,$0.04,$39.97,N,$101.94
09/13/2022,09/13/2022,09/14/2022,Margin,META,META 2022-09-16 Call $180.00,STC,-3,$0.04,$11.98,N,$61.97
09/13/2022,09/13/2022,09/14/2022,Margin,META,META 2022-09-16 Call $180.00,STC,-8,$0.04,$31.97,N,$49.99
09/13/2022,09/13/2022,09/14/2022,Margin,META,META 2022-09-16 Call $180.00,STC,-1,$0.04,$3.98,N,$18.02
09/13/2022,09/13/2022,09/13/2022,Margin,,FDIC Sweep Start of Day Movement,FSWP,--,,"$1,493.00",N,$14.04
09/13/2022,09/13/2022,09/13/2022,Sweep,,FDIC Sweep Start of Day Movement,FSWP,--,,"($1,493.00)",N,"($1,478.96)"
09/12/2022,09/12/2022,09/13/2022,Margin,META,META 2022-09-16 Call $180.00,BTO,3,$0.68,($204.00),N,$14.04
09/12/2022,09/12/2022,09/13/2022,Margin,META,META 2022-09-16 Call $180.00,BTO,7,$0.68,($476.00),N,$218.04
09/12/2022,09/12/2022,09/13/2022,Margin,META,META 2022-09-16 Call $180.00,BTO,9,$0.68,($612.00),N,$694.04
09/12/2022,09/12/2022,09/13/2022,Margin,META,META 2022-09-16 Call $180.00,BTO,1,$0.67,($67.00),N,"$1,306.04"
09/12/2022,09/12/2022,09/13/2022,Margin,META,META 2022-09-16 Call $180.00,BTO,1,$0.67,($67.00),N,"$1,373.04"
09/12/2022,09/12/2022,09/13/2022,Margin,META,META 2022-09-16 Call $180.00,BTO,1,$0.67,($67.00),N,"$1,440.04"
09/12/2022,09/12/2022,09/12/2022,Sweep,,FDIC Sweep Start of Day Movement,FSWP,--,,"$1,507.04",N,"$1,507.04"
09/12/2022,09/12/2022,09/12/2022,Margin,,FDIC Sweep Start of Day Movement,FSWP,--,,"($1,507.04)",N,$0.00
09/09/2022,09/09/2022,09/12/2022,Margin,PANW,PANW 2022-09-16 Call $590.00,STC,-6,$2.00,"$1,199.96",N,"$1,507.04"
09/09/2022,09/09/2022,09/12/2022,Margin,PANW,PANW 2022-09-16 Call $590.00,STC,-1,$2.00,$199.98,N,$307.08
09/09/2022,09/09/2022,09/12/2022,Margin,PANW,PANW 2022-09-16 Call $590.00,BTO,7,$1.50,"($1,050.00)",N,$107.10
09/09/2022,09/09/2022,09/12/2022,Margin,NFLX,NFLX 2022-09-09 Call $235.00,STC,-10,$0.62,$619.96,N,"$1,157.10"
09/09/2022,09/09/2022,09/12/2022,Margin,NFLX,NFLX 2022-09-09 Call $235.00,BTO,5,$0.85,($425.00),N,$537.14
09/09/2022,09/09/2022,09/12/2022,Margin,NFLX,NFLX 2022-09-09 Call $235.00,BTO,5,$0.85,($425.00),N,$962.14
09/09/2022,09/09/2022,09/09/2022,Margin,,FDIC Sweep Journal,FSWP,--,,$770.26,N,"$1,387.14"
09/09/2022,09/09/2022,09/09/2022,Sweep,,FDIC Sweep Journal,FSWP,--,,($770.26),N,$616.88
09/09/2022,09/09/2022,09/09/2022,Margin,,ACH Withdrawal,ACH,--,,($800.00),N,"$1,387.14"
09/09/2022,09/09/2022,09/12/2022,Margin,NFLX,NFLX 2022-09-09 Call $237.50,STC,-1,$0.29,$28.98,N,"$2,187.14"
09/09/2022,09/09/2022,09/12/2022,Margin,NFLX,NFLX 2022-09-09 Call $237.50,STC,-1,$0.29,$28.98,N,"$2,158.16"
09/09/2022,09/09/2022,09/12/2022,Margin,NFLX,NFLX 2022-09-09 Call $237.50,STC,-1,$0.29,$28.98,N,"$2,129.18"
09/09/2022,09/09/2022,09/12/2022,Margin,NFLX,NFLX 2022-09-09 Call $232.50,STC,-10,$1.33,"$1,329.94",N,"$2,100.20"
09/09/2022,09/09/2022,09/09/2022,Sweep,,FDIC Sweep Start of Day Movement,FSWP,--,,$770.26,N,$770.26
09/09/2022,09/09/2022,09/09/2022,Margin,,FDIC Sweep Start of Day Movement,FSWP,--,,($770.26),N,$0.00
09/08/2022,09/08/2022,09/09/2022,Margin,NFLX,NFLX 2022-09-09 Call $232.50,BTO,10,$0.56,($560.00),N,$770.26
09/08/2022,09/08/2022,09/09/2022,Margin,NFLX,NFLX 2022-09-09 Call $237.50,BTO,1,$0.39,($39.00),N,"$1,330.26"
09/08/2022,09/08/2022,09/09/2022,Margin,NFLX,NFLX 2022-09-09 Call $237.50,BTO,1,$0.39,($39.00),N,"$1,369.26"
09/08/2022,09/08/2022,09/09/2022,Margin,NFLX,NFLX 2022-09-09 Call $237.50,BTO,1,$0.39,($39.00),N,"$1,408.26"
09/08/2022,09/08/2022,09/08/2022,Margin,,FDIC Sweep Journal,FSWP,--,,$27.39,N,"$1,447.26"
09/08/2022,09/08/2022,09/08/2022,Sweep,,FDIC Sweep Journal,FSWP,--,,($27.39),N,"$1,419.87"
09/08/2022,09/08/2022,09/08/2022,Margin,,ACH Withdrawal,ACH,--,,($800.00),N,"$1,447.26"
09/08/2022,09/08/2022,09/09/2022,Margin,CCJ,CCJ 2022-09-09 Call $30.00,STC,-30,$0.74,"$2,219.87",N,"$2,247.26"
09/08/2022,09/08/2022,09/08/2022,Sweep,,FDIC Sweep Start of Day Movement,FSWP,--,,$7.90,N,$27.39
09/08/2022,09/08/2022,09/08/2022,Margin,,FDIC Sweep Start of Day Movement,FSWP,--,,($7.90),N,$19.49
09/07/2022,09/07/2022,09/08/2022,Margin,CCJ,CCJ 2022-09-09 Call $30.00,BTO,1,$0.33,($33.00),N,$27.39
09/07/2022,09/07/2022,09/08/2022,Margin,CCJ,CCJ 2022-09-09 Call $30.00,BTO,4,$0.33,($132.00),N,$60.39
09/07/2022,09/07/2022,09/08/2022,Margin,CCJ,CCJ 2022-09-09 Call $30.00,BTO,4,$0.33,($132.00),N,$192.39
09/07/2022,09/07/2022,09/08/2022,Margin,CCJ,CCJ 2022-09-09 Call $30.00,BTO,4,$0.33,($132.00),N,$324.39
09/07/2022,09/07/2022,09/08/2022,Margin,CCJ,CCJ 2022-09-09 Call $30.00,BTO,15,$0.33,($495.00),N,$456.39
09/07/2022,09/07/2022,09/08/2022,Margin,CCJ,CCJ 2022-09-09 Call $30.00,BTO,2,$0.33,($66.00),N,$951.39
09/07/2022,09/07/2022,09/07/2022,Margin,,ACH Withdrawal,ACH,--,,($500.00),N,"$1,017.39"
09/07/2022,09/07/2022,09/08/2022,Margin,ULTA,ULTA 2022-09-09 Call $445.00,STC,-1,$3.40,$339.98,N,"$1,517.39"
09/07/2022,09/07/2022,09/08/2022,Margin,ULTA,ULTA 2022-09-09 Call $445.00,STC,-3,$3.40,"$1,019.96",N,"$1,177.41"
09/07/2022,09/07/2022,09/08/2022,Margin,ULTA,ULTA 2022-09-09 Call $445.00,BTO,4,$2.58,"($1,032.00)",N,$157.45
09/07/2022,09/07/2022,09/08/2022,Margin,ULTA,ULTA 2022-09-09 Call $440.00,STC,-3,$3.90,"$1,169.96",N,"$1,189.45"
09/07/2022,09/07/2022,09/07/2022,Sweep,,FDIC Sweep Start of Day Movement,FSWP,--,,$19.49,N,$19.49
09/07/2022,09/07/2022,09/07/2022,Margin,,FDIC Sweep Start of Day Movement,FSWP,--,,($19.49),N,$0.00
09/06/2022,09/06/2022,09/07/2022,Margin,ULTA,ULTA 2022-09-09 Call $440.00,BTO,1,$1.40,($140.00),N,$19.49
09/06/2022,09/06/2022,09/06/2022,Margin,,ACH Deposit,ACH,--,,$160.00,N,$159.49
09/06/2022,09/06/2022,09/06/2022,Margin,,FDIC Sweep Journal,FSWP,--,,$4.49,N,($0.51)
09/06/2022,09/06/2022,09/06/2022,Sweep,,FDIC Sweep Journal,FSWP,--,,($4.49),N,($5.00)
09/06/2022,09/06/2022,09/06/2022,Margin,,Gold Fee,GOLD,--,,($5.00),N,($0.51)
09/06/2022,09/06/2022,09/06/2022,Margin,,FDIC Sweep Start of Day Movement,FSWP,--,,$6.00,N,$4.49
09/06/2022,09/06/2022,09/06/2022,Sweep,,FDIC Sweep Start of Day Movement,FSWP,--,,($6.00),N,($1.51)
09/02/2022,09/02/2022,09/06/2022,Margin,--,Option Expiration for ULTA 2022-09-02 call $440.00,OEXP,1S,,--,N,$4.49
09/02/2022,09/02/2022,09/06/2022,Margin,ULTA,ULTA 2022-09-09 Call $440.00,BTO,2,$1.48,($296.00),N,$4.49
09/02/2022,09/02/2022,09/02/2022,Margin,,ACH Deposit,ACH,--,,$290.00,N,$300.49
08/31/2022,08/31/2022,08/31/2022,Sweep,,Interest Payment,INT,--,,$0.04,N,$10.49
08/31/2022,08/31/2022,08/31/2022,Sweep,,FDIC Sweep Start of Day Movement,FSWP,--,,$10.00,N,$10.45
08/31/2022,08/31/2022,08/31/2022,Margin,,FDIC Sweep Start of Day Movement,FSWP,--,,($10.00),N,$0.45
08/30/2022,08/30/2022,08/31/2022,Margin,ULTA,ULTA 2022-09-02 Call $440.00,BTO,1,$0.65,($65.00),N,$10.45
08/30/2022,08/30/2022,08/30/2022,Margin,,ACH Deposit,ACH,--,,$75.00,N,$75.45
08/29/2022,08/29/2022,08/29/2022,Margin,,FDIC Sweep Start of Day Movement,FSWP,--,,$23.74,N,$0.45
08/29/2022,08/29/2022,08/29/2022,Sweep,,FDIC Sweep Start of Day Movement,FSWP,--,,($23.74),N,($23.29)
08/26/2022,08/26/2022,08/29/2022,Margin,--,Option Expiration for NOC 2022-08-26 call $500.00,OEXP,3S,,--,N,$0.45
08/26/2022,08/26/2022,08/29/2022,Margin,--,Option Expiration for PANW 2022-08-26 put $400.00,OEXP,1S,,--,N,$0.45
08/26/2022,08/26/2022,08/29/2022,Margin,NOC,NOC 2022-08-26 Call $500.00,BTO,1,$0.25,($25.00),N,$0.45
08/26/2022,08/26/2022,08/26/2022,Margin,,FDIC Sweep Start of Day Movement,FSWP,--,,$130.00,N,$25.45
08/26/2022,08/26/2022,08/26/2022,Sweep,,FDIC Sweep Start of Day Movement,FSWP,--,,($130.00),N,($104.55)
08/25/2022,08/25/2022,08/26/2022,Margin,NOC,NOC 2022-08-26 Call $500.00,BTO,2,$0.65,($130.00),N,$25.45
08/25/2022,08/25/2022,08/29/2022,Margin,ULTA,Ulta Beauty,Sell,-0.35,$419.75,$146.91,N,$155.45
08/25/2022,08/25/2022,08/29/2022,Margin,ULTA,Ulta Beauty,Buy,0.35,$416.14,($145.65),N,$8.54
08/23/2022,08/23/2022,08/23/2022,Sweep,,FDIC Sweep Start of Day Movement,FSWP,--,,$84.98,N,$154.19
08/23/2022,08/23/2022,08/23/2022,Margin,,FDIC Sweep Start of Day Movement,FSWP,--,,($84.98),N,$69.21
08/22/2022,08/22/2022,08/23/2022,Margin,PANW,PANW 2022-08-26 Put $400.00,BTO,1,$0.45,($45.00),N,$154.19
08/22/2022,08/22/2022,08/23/2022,Margin,NOC,NOC 2022-08-26 Call $500.00,STC,-1,$1.30,$129.98,N,$199.19
08/22/2022,08/22/2022,08/23/2022,Margin,NOC,NOC 2022-08-26 Call $500.00,BTO,1,$3.00,($300.00),N,$69.21
08/22/2022,08/22/2022,08/22/2022,Margin,,ACH Deposit,ACH,--,,$300.00,N,$369.21
08/22/2022,08/22/2022,08/22/2022,Sweep,,FDIC Sweep Start of Day Movement,FSWP,--,,$24.96,N,$69.21
08/22/2022,08/22/2022,08/22/2022,Margin,,FDIC Sweep Start of Day Movement,FSWP,--,,($24.96),N,$44.25
08/19/2022,08/19/2022,08/22/2022,Margin,NOC,NOC 2022-08-19 Call $500.00,STC,-3,$0.05,$14.98,N,$69.21
08/19/2022,08/19/2022,08/22/2022,Margin,NOC,NOC 2022-08-19 Call $500.00,STC,-2,$0.05,$9.98,N,$54.23
08/19/2022,08/19/2022,08/19/2022,Margin,,FDIC Sweep Start of Day Movement,FSWP,--,,$240.00,N,$44.25
08/19/2022,08/19/2022,08/19/2022,Sweep,,FDIC Sweep Start of Day Movement,FSWP,--,,($240.00),N,($195.75)
08/18/2022,08/18/2022,08/19/2022,Margin,NOC,NOC 2022-08-19 Call $500.00,BTO,2,$1.20,($240.00),N,$44.25
08/18/2022,08/18/2022,08/18/2022,Sweep,,FDIC Sweep Start of Day Movement,FSWP,--,,$279.95,N,$284.25
08/18/2022,08/18/2022,08/18/2022,Margin,,FDIC Sweep Start of Day Movement,FSWP,--,,($279.95),N,$4.30
08/17/2022,08/17/2022,08/18/2022,Margin,NOC,NOC 2022-08-19 Call $500.00,BTO,1,$1.60,($160.00),N,$284.25
08/17/2022,08/17/2022,08/18/2022,Margin,NOC,NOC 2022-08-19 Call $500.00,BTO,1,$2.00,($200.00),N,$444.25
08/17/2022,08/17/2022,08/18/2022,Margin,NOC,NOC 2022-08-19 Call $500.00,BTO,1,$1.80,($180.00),N,$644.25
08/17/2022,08/17/2022,08/18/2022,Margin,NOC,NOC 2022-08-19 Call $505.00,STC,-2,$0.90,$179.98,N,$824.25
08/17/2022,08/17/2022,08/18/2022,Margin,NOC,NOC 2022-08-19 Call $495.00,STC,-2,$3.20,$639.97,N,$644.27
08/17/2022,08/17/2022,08/17/2022,Sweep,,FDIC Sweep Start of Day Movement,FSWP,--,,$2.93,N,$4.30
08/17/2022,08/17/2022,08/17/2022,Margin,,FDIC Sweep Start of Day Movement,FSWP,--,,($2.93),N,$1.37
08/16/2022,08/16/2022,08/17/2022,Margin,NOC,NOC 2022-08-19 Call $505.00,BTO,1,$0.60,($60.00),N,$4.30
08/16/2022,08/16/2022,08/16/2022,Margin,,ACH Deposit,ACH,--,,$60.00,N,$64.30
08/16/2022,08/16/2022,08/17/2022,Margin,NOC,NOC 2022-08-19 Call $505.00,BTO,1,$0.60,($60.00),N,$4.30
08/16/2022,08/16/2022,08/17/2022,Margin,NOC,NOC 2022-08-19 Call $495.00,BTO,2,$2.10,($420.00),N,$64.30
08/16/2022,08/16/2022,08/17/2022,Margin,ULTA,ULTA 2022-08-19 Call $430.00,STC,-3,$0.96,$287.98,N,$484.30
08/16/2022,08/16/2022,08/17/2022,Margin,ULTA,ULTA 2022-08-19 Call $430.00,STC,-1,$0.95,$94.98,N,$196.32
08/16/2022,08/16/2022,08/17/2022,Margin,ULTA,ULTA 2022-08-19 Call $430.00,BTO,4,$1.15,($460.00),N,$101.34
08/16/2022,08/16/2022,08/17/2022,Margin,NOC,NOC 2022-08-19 Call $490.00,STC,-2,$2.80,$559.97,N,$561.34
08/12/2022,08/12/2022,08/15/2022,Margin,--,Option Expiration for NOC 2022-08-12 call $492.50,OEXP,1S,,--,N,$1.37
08/12/2022,08/12/2022,08/15/2022,Margin,--,Option Expiration for NOC 2022-08-12 call $490.00,OEXP,6S,,--,N,$1.37
08/12/2022,08/12/2022,08/15/2022,Margin,--,Option Expiration for ULTA 2022-08-12 call $440.00,OEXP,12S,,--,N,$1.37
08/12/2022,08/12/2022,08/15/2022,Margin,--,Option Expiration for NOC 2022-08-12 call $487.50,OEXP,1S,,--,N,$1.37
08/12/2022,08/12/2022,08/15/2022,Margin,NOC,NOC 2022-08-19 Call $490.00,BTO,2,$1.05,($210.00),N,$1.37
08/12/2022,08/12/2022,08/12/2022,Margin,,ACH Deposit,ACH,--,,$10.00,N,$211.37
08/12/2022,08/12/2022,08/12/2022,Margin,,ACH Deposit,ACH,--,,$10.00,N,$201.37
08/12/2022,08/12/2022,08/12/2022,Margin,,ACH Deposit,ACH,--,,$190.00,N,$191.37
08/11/2022,08/11/2022,08/11/2022,Margin,,FDIC Sweep Start of Day Movement,FSWP,--,,$2.00,N,$1.37
08/11/2022,08/11/2022,08/11/2022,Sweep,,FDIC Sweep Start of Day Movement,FSWP,--,,($2.00),N,($0.63)
08/10/2022,08/10/2022,08/11/2022,Margin,NOC,NOC 2022-08-12 Call $490.00,BTO,1,$0.25,($25.00),N,$1.37
08/10/2022,08/10/2022,08/10/2022,Margin,,ACH Deposit,ACH,--,,$3.00,N,$26.37
08/10/2022,08/10/2022,08/11/2022,Margin,NOC,NOC 2022-08-12 Call $490.00,BTO,1,$0.25,($25.00),N,$23.37
08/10/2022,08/10/2022,08/11/2022,Margin,NOC,NOC 2022-08-12 Call $490.00,BTO,1,$0.25,($25.00),N,$48.37
08/10/2022,08/10/2022,08/10/2022,Margin,,ACH Deposit,ACH,--,,$70.00,N,$73.37
08/09/2022,08/09/2022,08/10/2022,Margin,NOC,NOC 2022-08-12 Call $492.50,BTO,1,$1.10,($110.00),N,$3.37
08/09/2022,08/09/2022,08/09/2022,Margin,,ACH Deposit,ACH,--,,$110.00,N,$113.37
08/09/2022,08/09/2022,08/10/2022,Margin,NOC,NOC 2022-08-12 Call $490.00,BTO,1,$1.70,($170.00),N,$3.37
08/09/2022,08/09/2022,08/09/2022,Margin,,ACH Deposit,ACH,--,,$170.00,N,$173.37
08/09/2022,08/09/2022,08/09/2022,Margin,,FDIC Sweep Start of Day Movement,FSWP,--,,$20.00,N,$3.37
08/09/2022,08/09/2022,08/09/2022,Sweep,,FDIC Sweep Start of Day Movement,FSWP,--,,($20.00),N,($16.63)
08/08/2022,08/08/2022,08/09/2022,Margin,NOC,NOC 2022-08-12 Call $487.50,BTO,1,$1.40,($140.00),N,$3.37
08/08/2022,08/08/2022,08/08/2022,Margin,,ACH Deposit,ACH,--,,$100.00,N,$143.37
08/08/2022,08/08/2022,08/09/2022,Margin,NOC,NOC 2022-08-12 Call $490.00,BTO,2,$1.40,($280.00),N,$43.37
08/08/2022,08/08/2022,08/08/2022,Margin,,ACH Deposit,ACH,--,,$300.00,N,$323.37
08/08/2022,08/08/2022,08/08/2022,Sweep,,FDIC Sweep Start of Day Movement,FSWP,--,,$17.98,N,$23.37
08/08/2022,08/08/2022,08/08/2022,Margin,,FDIC Sweep Start of Day Movement,FSWP,--,,($17.98),N,$5.39
08/05/2022,08/05/2022,08/08/2022,Margin,NFLX,NFLX 2022-08-05 Call $237.50,STC,-3,$0.06,$17.98,N,$23.37
08/05/2022,08/05/2022,08/05/2022,Sweep,,FDIC Sweep Start of Day Movement,FSWP,--,,$3.96,N,$5.39
08/05/2022,08/05/2022,08/05/2022,Margin,,FDIC Sweep Start of Day Movement,FSWP,--,,($3.96),N,$1.43
08/04/2022,08/04/2022,08/05/2022,Margin,NFLX,NFLX 2022-08-05 Call $237.50,BTO,1,$0.59,($59.00),N,$5.39
08/04/2022,08/04/2022,08/04/2022,Margin,,ACH Deposit,ACH,--,,$52.00,N,$64.39
08/04/2022,08/04/2022,08/05/2022,Margin,NFLX,NFLX 2022-08-05 Call $237.50,BTO,1,$0.67,($67.00),N,$12.39
08/04/2022,08/04/2022,08/05/2022,Margin,NFLX,NFLX 2022-08-05 Call $237.50,BTO,1,$0.67,($67.00),N,$79.39
08/04/2022,08/04/2022,08/04/2022,Margin,,ACH Deposit,ACH,--,,$20.00,N,$146.39
08/04/2022,08/04/2022,08/04/2022,Margin,,ACH Deposit,ACH,--,,$15.00,N,$126.39
08/04/2022,08/04/2022,08/05/2022,Margin,NFLX,NFLX 2022-08-05 Call $237.50,STC,-3,$0.37,$110.98,N,$111.39
08/04/2022,08/04/2022,08/05/2022,Margin,NFLX,NFLX 2022-08-05 Call $237.50,BTO,3,$0.51,($153.00),N,$0.41
08/04/2022,08/04/2022,08/05/2022,Margin,NFLX,NFLX 2022-08-05 Call $237.50,STC,-4,$0.38,$151.98,N,$153.41
08/04/2022,08/04/2022,08/04/2022,Margin,,FDIC Sweep Journal,FSWP,--,,$5.00,N,$1.43
08/04/2022,08/04/2022,08/04/2022,Sweep,,FDIC Sweep Journal,FSWP,--,,($5.00),N,($3.57)
08/04/2022,08/04/2022,08/04/2022,Margin,,Gold Fee,GOLD,--,,($5.00),N,$1.43
08/04/2022,08/04/2022,08/04/2022,Sweep,,FDIC Sweep Start of Day Movement,FSWP,--,,$6.00,N,$6.43
08/04/2022,08/04/2022,08/04/2022,Margin,,FDIC Sweep Start of Day Movement,FSWP,--,,($6.00),N,$0.43
08/03/2022,08/03/2022,08/04/2022,Margin,NFLX,NFLX 2022-08-05 Call $237.50,BTO,3,$0.59,($177.00),N,$6.43
08/03/2022,08/03/2022,08/03/2022,Margin,,ACH Deposit,ACH,--,,$180.00,N,$183.43
08/03/2022,08/03/2022,08/04/2022,Margin,NFLX,NFLX 2022-08-05 Call $237.50,BTO,1,$0.57,($57.00),N,$3.43
08/03/2022,08/03/2022,08/03/2022,Margin,,ACH Deposit,ACH,--,,$10.00,N,$60.43
08/03/2022,08/03/2022,08/03/2022,Margin,,ACH Deposit,ACH,--,,$50.00,N,$50.43
08/03/2022,08/03/2022,08/03/2022,Margin,,FDIC Sweep Start of Day Movement,FSWP,--,,$12.00,N,$0.43
08/03/2022,08/03/2022,08/03/2022,Sweep,,FDIC Sweep Start of Day Movement,FSWP,--,,($12.00),N,($11.57)
08/02/2022,08/02/2022,08/03/2022,Margin,ULTA,ULTA 2022-08-12 Call $440.00,BTO,1,$0.30,($30.00),N,$0.43
08/02/2022,08/02/2022,08/02/2022,Margin,,ACH Deposit,ACH,--,,$2.00,N,$30.43
08/02/2022,08/02/2022,08/03/2022,Margin,ULTA,ULTA 2022-08-12 Call $440.00,BTO,1,$0.29,($29.00),N,$28.43
08/02/2022,08/02/2022,08/03/2022,Margin,ULTA,ULTA 2022-08-12 Call $440.00,BTO,1,$0.25,($25.00),N,$57.43
08/02/2022,08/02/2022,08/03/2022,Margin,ULTA,ULTA 2022-08-12 Call $440.00,BTO,1,$0.30,($30.00),N,$82.43
08/02/2022,08/02/2022,08/02/2022,Margin,,ACH Deposit,ACH,--,,$100.00,N,$112.43
08/02/2022,08/02/2022,08/02/2022,Margin,,FDIC Sweep Start of Day Movement,FSWP,--,,$20.00,N,$12.43
08/02/2022,08/02/2022,08/02/2022,Sweep,,FDIC Sweep Start of Day Movement,FSWP,--,,($20.00),N,($7.57)
08/01/2022,08/01/2022,08/02/2022,Margin,ULTA,ULTA 2022-08-12 Call $440.00,BTO,1,$0.40,($40.00),N,$12.43
08/01/2022,08/01/2022,08/02/2022,Margin,ULTA,ULTA 2022-08-12 Call $440.00,BTO,3,$0.35,($105.00),N,$52.43
08/01/2022,08/01/2022,08/01/2022,Margin,,ACH Deposit,ACH,--,,$150.00,N,$157.43
08/01/2022,08/01/2022,08/02/2022,Margin,ULTA,ULTA 2022-08-12 Call $440.00,BTO,3,$0.25,($75.00),N,$7.43
08/01/2022,08/01/2022,08/01/2022,Margin,,ACH Deposit,ACH,--,,$70.00,N,$82.43
08/01/2022,08/01/2022,08/02/2022,Margin,ULTA,ULTA 2022-08-12 Call $440.00,BTO,1,$0.20,($20.00),N,$12.43
07/29/2022,07/29/2022,07/29/2022,Sweep,,Interest Payment,INT,--,,$0.10,N,$32.43
07/29/2022,07/29/2022,07/29/2022,Sweep,,FDIC Sweep Start of Day Movement,FSWP,--,,$29.98,N,$32.33
07/29/2022,07/29/2022,07/29/2022,Margin,,FDIC Sweep Start of Day Movement,FSWP,--,,($29.98),N,$2.35
07/28/2022,07/28/2022,07/29/2022,Margin,SPOT,SPOT 2022-07-29 Call $120.00,STC,-1,$0.30,$29.98,N,$32.33
07/28/2022,07/28/2022,07/28/2022,Margin,,FDIC Sweep Start of Day Movement,FSWP,--,,$220.00,N,$2.35
07/28/2022,07/28/2022,07/28/2022,Sweep,,FDIC Sweep Start of Day Movement,FSWP,--,,($220.00),N,($217.65)
07/27/2022,07/27/2022,07/28/2022,Margin,SPOT,SPOT 2022-07-29 Call $120.00,BTO,1,$2.20,($220.00),N,$2.35
07/12/2022,07/12/2022,07/12/2022,Sweep,,FDIC Sweep Start of Day Movement,FSWP,--,,$159.98,N,$222.35
07/12/2022,07/12/2022,07/12/2022,Margin,,FDIC Sweep Start of Day Movement,FSWP,--,,($159.98),N,$62.37
07/11/2022,07/11/2022,07/12/2022,Margin,NOC,NOC 2022-07-15 Call $490.00,STC,-1,$1.60,$159.98,N,$222.35
07/11/2022,07/11/2022,07/11/2022,Sweep,,FDIC Sweep Start of Day Movement,FSWP,--,,$59.96,N,$62.37
07/11/2022,07/11/2022,07/11/2022,Margin,,FDIC Sweep Start of Day Movement,FSWP,--,,($59.96),N,$2.41
07/08/2022,07/08/2022,07/11/2022,Margin,NOC,NOC 2022-07-08 Call $485.00,STC,-2,$0.20,$39.98,N,$62.37
07/08/2022,07/08/2022,07/11/2022,Margin,NOC,NOC 2022-07-08 Call $485.00,STC,-1,$0.20,$19.98,N,$22.39
07/08/2022,07/08/2022,07/11/2022,Margin,NOC,NOC 2022-07-15 Call $490.00,BTO,1,$3.60,($360.00),N,$2.41
07/08/2022,07/08/2022,07/08/2022,Margin,,ACH Deposit,ACH,--,,$360.00,N,$362.41
07/07/2022,07/07/2022,07/07/2022,Sweep,,FDIC Sweep Start of Day Movement,FSWP,--,,$2.41,N,$2.41
07/07/2022,07/07/2022,07/07/2022,Margin,,FDIC Sweep Start of Day Movement,FSWP,--,,($2.41),N,$0.00
07/06/2022,07/06/2022,07/07/2022,Margin,NOC,NOC 2022-07-08 Call $485.00,BTO,3,$2.10,($630.00),N,$2.41
07/06/2022,07/06/2022,07/06/2022,Margin,,FDIC Sweep Journal,FSWP,--,,$32.46,N,$632.41
07/06/2022,07/06/2022,07/06/2022,Sweep,,FDIC Sweep Journal,FSWP,--,,($32.46),N,$599.95
07/06/2022,07/06/2022,07/06/2022,Margin,,ACH Withdrawal,ACH,--,,($600.00),N,$632.41
07/06/2022,07/06/2022,07/07/2022,Margin,TDOC,TDOC 2022-07-08 Call $40.00,STC,-8,$1.50,"$1,199.95",N,"$1,232.41"
07/06/2022,07/06/2022,07/06/2022,Sweep,,FDIC Sweep Start of Day Movement,FSWP,--,,$26.92,N,$32.46
07/06/2022,07/06/2022,07/06/2022,Margin,,FDIC Sweep Start of Day Movement,FSWP,--,,($26.92),N,$5.54
07/05/2022,07/05/2022,07/06/2022,Margin,TDOC,TDOC 2022-07-08 Call $40.00,BTO,1,$0.50,($50.00),N,$32.46
07/05/2022,07/05/2022,07/06/2022,Margin,TDOC,TDOC 2022-07-08 Call $40.00,BTO,1,$0.50,($50.00),N,$82.46
07/05/2022,07/05/2022,07/06/2022,Margin,TDOC,TDOC 2022-07-08 Call $40.00,BTO,1,$0.50,($50.00),N,$132.46
07/05/2022,07/05/2022,07/06/2022,Margin,TDOC,TDOC 2022-07-08 Call $40.00,BTO,1,$0.50,($50.00),N,$182.46
07/05/2022,07/05/2022,07/06/2022,Margin,TDOC,TDOC 2022-07-08 Call $40.00,BTO,1,$0.50,($50.00),N,$232.46
07/05/2022,07/05/2022,07/06/2022,Margin,TDOC,TDOC 2022-07-08 Call $40.00,BTO,1,$0.50,($50.00),N,$282.46
07/05/2022,07/05/2022,07/06/2022,Margin,TDOC,TDOC 2022-07-08 Call $40.00,BTO,1,$0.50,($50.00),N,$332.46
07/05/2022,07/05/2022,07/06/2022,Margin,TDOC,TDOC 2022-07-08 Call $40.00,BTO,1,$0.50,($50.00),N,$382.46
07/05/2022,07/05/2022,07/06/2022,Margin,META,META 2022-07-08 Call $170.00,STC,-2,$1.33,$265.98,N,$432.46
07/05/2022,07/05/2022,07/06/2022,Margin,META,META 2022-07-08 Call $170.00,STC,-1,$1.26,$125.98,N,$166.48
07/05/2022,07/05/2022,07/06/2022,Margin,META,META 2022-07-08 Call $170.00,BTO,3,$0.81,($243.00),N,$40.50
07/05/2022,07/05/2022,07/06/2022,Margin,RBLX,RBLX 2022-07-08 Call $36.00,STC,-1,$2.50,$249.98,N,$283.50
07/05/2022,07/05/2022,07/06/2022,Margin,RBLX,RBLX 2022-07-08 Call $36.00,BTO,1,$1.52,($152.00),N,$33.52
07/05/2022,07/05/2022,07/06/2022,Margin,NOC,NOC 2022-07-08 Call $490.00,STC,-1,$1.80,$179.98,N,$185.52
07/05/2022,07/05/2022,07/05/2022,Margin,,FDIC Sweep Journal,FSWP,--,,$5.00,N,$5.54
07/05/2022,07/05/2022,07/05/2022,Sweep,,FDIC Sweep Journal,FSWP,--,,($5.00),N,$0.54
07/05/2022,07/05/2022,07/05/2022,Margin,,Gold Fee,GOLD,--,,($5.00),N,$5.54
07/05/2022,07/05/2022,07/05/2022,Sweep,,FDIC Sweep Start of Day Movement,FSWP,--,,$4.95,N,$10.54
07/05/2022,07/05/2022,07/05/2022,Margin,,FDIC Sweep Start of Day Movement,FSWP,--,,($4.95),N,$5.59
07/01/2022,07/01/2022,07/05/2022,Margin,--,Option Expiration for DG 2022-07-01 call $255.00,OEXP,3S,,--,N,$10.54
07/01/2022,07/01/2022,07/05/2022,Margin,NOC,NOC 2022-07-01 Call $490.00,STC,-1,$0.05,$4.98,N,$10.54
07/01/2022,07/01/2022,07/05/2022,Margin,NOC,NOC 2022-07-08 Call $490.00,BTO,1,$3.60,($360.00),N,$5.56
07/01/2022,07/01/2022,07/01/2022,Margin,,ACH Withdrawal,ACH,--,,($300.00),N,$365.56
07/01/2022,07/01/2022,07/05/2022,Margin,NOC,NOC 2022-07-01 Call $480.00,STC,-2,$3.30,$659.97,N,$665.56
07/01/2022,07/01/2022,07/05/2022,Margin,NOC,NOC 2022-07-01 Call $480.00,BTO,1,$0.90,($90.00),N,$5.59
07/01/2022,07/01/2022,07/01/2022,Margin,,ACH Deposit,ACH,--,,$90.00,N,$95.59
07/01/2022,07/01/2022,07/01/2022,Margin,,FDIC Sweep Start of Day Movement,FSWP,--,,$1.00,N,$5.59
07/01/2022,07/01/2022,07/01/2022,Sweep,,FDIC Sweep Start of Day Movement,FSWP,--,,($1.00),N,$4.59
06/30/2022,06/30/2022,06/30/2022,Sweep,,Interest Payment,INT,--,,$0.01,N,$5.59
06/30/2022,06/30/2022,07/01/2022,Margin,NOC,NOC 2022-07-01 Call $490.00,BTO,1,$0.60,($60.00),N,$5.58
06/30/2022,06/30/2022,06/30/2022,Margin,,ACH Deposit,ACH,--,,$50.00,N,$65.58
06/30/2022,06/30/2022,07/01/2022,Margin,NOC,NOC 2022-07-01 Call $480.00,BTO,1,$1.31,($131.00),N,$15.58
06/30/2022,06/30/2022,06/30/2022,Margin,,ACH Deposit,ACH,--,,$140.00,N,$146.58
06/30/2022,06/30/2022,06/30/2022,Margin,,FDIC Sweep Start of Day Movement,FSWP,--,,$75.00,N,$6.58
06/30/2022,06/30/2022,06/30/2022,Sweep,,FDIC Sweep Start of Day Movement,FSWP,--,,($75.00),N,($68.42)
06/29/2022,06/29/2022,06/30/2022,Margin,DG,DG 2022-07-01 Call $255.00,BTO,3,$0.25,($75.00),N,$6.58
06/29/2022,06/29/2022,06/29/2022,Sweep,,FDIC Sweep Start of Day Movement,FSWP,--,,$79.98,N,$81.58
06/29/2022,06/29/2022,06/29/2022,Margin,,FDIC Sweep Start of Day Movement,FSWP,--,,($79.98),N,$1.60
06/28/2022,06/28/2022,06/29/2022,Margin,IBM,IBM 2022-07-01 Call $145.00,STC,-2,$0.40,$79.98,N,$81.58
06/28/2022,06/28/2022,06/28/2022,Sweep,,FDIC Sweep Start of Day Movement,FSWP,--,,$1.60,N,$1.60
06/28/2022,06/28/2022,06/28/2022,Margin,,FDIC Sweep Start of Day Movement,FSWP,--,,($1.60),N,$0.00
06/27/2022,06/27/2022,06/28/2022,Margin,IBM,IBM 2022-07-01 Call $145.00,BTO,2,$0.86,($172.00),N,$1.60
06/27/2022,06/27/2022,06/27/2022,Margin,,FDIC Sweep Journal,FSWP,--,,$69.63,N,$173.60
06/27/2022,06/27/2022,06/27/2022,Sweep,,FDIC Sweep Journal,FSWP,--,,($69.63),N,$103.97
06/27/2022,06/27/2022,06/27/2022,Margin,,ACH Withdrawal,ACH,--,,($400.00),N,$173.60
06/27/2022,06/27/2022,06/28/2022,Margin,IBM,IBM 2022-07-01 Call $143.00,STC,-3,$1.68,$503.97,N,$573.60
06/27/2022,06/27/2022,06/27/2022,Sweep,,FDIC Sweep Start of Day Movement,FSWP,--,,$69.63,N,$69.63
06/27/2022,06/27/2022,06/27/2022,Margin,,FDIC Sweep Start of Day Movement,FSWP,--,,($69.63),N,$0.00
06/24/2022,06/24/2022,06/27/2022,Margin,IBM,IBM 2022-06-24 Call $141.00,STC,-4,$0.17,$67.98,N,$69.63
06/24/2022,06/24/2022,06/27/2022,Margin,IBM,IBM 2022-06-24 Call $141.00,BTO,4,$0.25,($100.00),N,$1.65
06/24/2022,06/24/2022,06/24/2022,Margin,,FDIC Sweep Journal,FSWP,--,,$0.69,N,$101.65
06/24/2022,06/24/2022,06/24/2022,Sweep,,FDIC Sweep Journal,FSWP,--,,($0.69),N,$100.96
06/24/2022,06/24/2022,06/24/2022,Margin,,ACH Withdrawal,ACH,--,,($39.00),N,$101.65
06/24/2022,06/24/2022,06/27/2022,Margin,IBM,IBM 2022-06-24 Call $140.00,STC,-1,$0.70,$69.98,N,$140.65
06/24/2022,06/24/2022,06/27/2022,Margin,IBM,IBM 2022-06-24 Call $140.00,STC,-1,$0.70,$69.98,N,$70.67
06/24/2022,06/24/2022,06/24/2022,Margin,,FDIC Sweep Start of Day Movement,FSWP,--,,$19.00,N,$0.69
06/24/2022,06/24/2022,06/24/2022,Sweep,,FDIC Sweep Start of Day Movement,FSWP,--,,($19.00),N,($18.31)
06/23/2022,06/23/2022,06/24/2022,Margin,IBM,IBM 2022-06-24 Call $140.00,BTO,2,$0.25,($50.00),N,$0.69
06/23/2022,06/23/2022,06/23/2022,Margin,,ACH Deposit,ACH,--,,$10.00,N,$50.69
06/23/2022,06/23/2022,06/23/2022,Margin,,ACH Deposit,ACH,--,,$40.00,N,$40.69
06/23/2022,06/23/2022,06/24/2022,Margin,IBM,IBM 2022-07-01 Call $143.00,BTO,3,$0.40,($120.00),N,$0.69
06/23/2022,06/23/2022,06/23/2022,Margin,,ACH Deposit,ACH,--,,$101.00,N,$120.69
06/17/2022,06/17/2022,06/21/2022,Margin,--,Option Expiration for IBM 2022-06-17 call $146.00,OEXP,10S,,--,N,$19.69
06/09/2022,06/09/2022,06/09/2022,Sweep,,FDIC Sweep Start of Day Movement,FSWP,--,,$18.86,N,$19.69
06/09/2022,06/09/2022,06/09/2022,Margin,,FDIC Sweep Start of Day Movement,FSWP,--,,($18.86),N,$0.83
06/08/2022,06/08/2022,06/09/2022,Margin,IBM,IBM 2022-06-17 Call $146.00,BTO,3,$0.34,($102.00),N,$19.69
06/08/2022,06/08/2022,06/09/2022,Margin,IBM,IBM 2022-06-17 Call $146.00,BTO,3,$0.34,($102.00),N,$121.69
06/08/2022,06/08/2022,06/09/2022,Margin,IBM,IBM 2022-06-17 Call $146.00,BTO,4,$0.34,($136.00),N,$223.69
06/08/2022,06/08/2022,06/09/2022,Margin,IBM,IBM 2022-06-10 Call $147.00,STC,-1,$0.01,$0.98,N,$359.69
06/08/2022,06/08/2022,06/09/2022,Margin,IBM,IBM 2022-06-10 Call $147.00,STC,-5,$0.01,$4.98,N,$358.71
06/08/2022,06/08/2022,06/09/2022,Margin,IBM,IBM 2022-06-10 Call $147.00,STC,-1,$0.01,$0.98,N,$353.73
06/08/2022,06/08/2022,06/09/2022,Margin,IBM,IBM 2022-06-10 Call $147.00,STC,-1,$0.01,$0.98,N,$352.75
06/08/2022,06/08/2022,06/09/2022,Margin,IBM,IBM 2022-06-10 Call $147.00,STC,-1,$0.02,$1.98,N,$351.77
06/08/2022,06/08/2022,06/09/2022,Margin,IBM,IBM 2022-06-10 Call $147.00,STC,-1,$0.01,$0.98,N,$349.79
06/08/2022,06/08/2022,06/09/2022,Margin,IBM,IBM 2022-06-24 Call $145.00,STC,-4,$0.87,$347.98,N,$348.81
06/06/2022,06/06/2022,06/06/2022,Margin,,FDIC Sweep Journal,FSWP,--,,$5.00,N,$0.83
06/06/2022,06/06/2022,06/06/2022,Sweep,,FDIC Sweep Journal,FSWP,--,,($5.00),N,($4.17)
06/06/2022,06/06/2022,06/06/2022,Margin,,Gold Fee,GOLD,--,,($5.00),N,$0.83
06/06/2022,06/06/2022,06/06/2022,Margin,,FDIC Sweep Start of Day Movement,FSWP,--,,$20.00,N,$5.83
06/06/2022,06/06/2022,06/06/2022,Sweep,,FDIC Sweep Start of Day Movement,FSWP,--,,($20.00),N,($14.17)
06/03/2022,06/03/2022,06/06/2022,Margin,IBM,IBM 2022-06-10 Call $147.00,BTO,10,$0.15,($150.00),N,$5.83
06/03/2022,06/03/2022,06/03/2022,Margin,,ACH Deposit,ACH,--,,$130.00,N,$155.83
06/03/2022,06/03/2022,06/06/2022,Margin,IBM,IBM 2022-06-24 Call $145.00,BTO,1,$1.30,($130.00),N,$25.83
06/03/2022,06/03/2022,06/03/2022,Margin,,ACH Deposit,ACH,--,,$130.00,N,$155.83
06/03/2022,06/03/2022,06/03/2022,Sweep,,FDIC Sweep Start of Day Movement,FSWP,--,,$9.98,N,$25.83
06/03/2022,06/03/2022,06/03/2022,Margin,,FDIC Sweep Start of Day Movement,FSWP,--,,($9.98),N,$15.85
06/02/2022,06/02/2022,06/03/2022,Margin,IBM,IBM 2022-06-24 Call $145.00,BTO,3,$1.10,($330.00),N,$25.83
06/02/2022,06/02/2022,06/03/2022,Margin,IBM,IBM 2022-07-01 Call $145.00,STC,-4,$0.85,$339.98,N,$355.83
05/31/2022,05/31/2022,05/31/2022,Sweep,,FDIC Sweep Start of Day Movement,FSWP,--,,$5.00,N,$15.85
05/31/2022,05/31/2022,05/31/2022,Margin,,FDIC Sweep Start of Day Movement,FSWP,--,,($5.00),N,$10.85
05/27/2022,05/27/2022,05/31/2022,Margin,--,Option Expiration for NFLX 2022-05-27 call $205.00,OEXP,2S,,--,N,$15.85
05/27/2022,05/27/2022,05/31/2022,Margin,IBM,IBM 2022-07-01 Call $145.00,BTO,3,$1.65,($495.00),N,$15.85
05/27/2022,05/27/2022,05/27/2022,Margin,,ACH Deposit,ACH,--,,$500.00,N,$510.85
05/27/2022,05/27/2022,05/27/2022,Sweep,,FDIC Sweep Start of Day Movement,FSWP,--,,$5.00,N,$10.85
05/27/2022,05/27/2022,05/27/2022,Margin,,FDIC Sweep Start of Day Movement,FSWP,--,,($5.00),N,$5.85
05/26/2022,05/26/2022,05/27/2022,Margin,IBM,IBM 2022-07-01 Call $145.00,BTO,1,$1.05,($105.00),N,$10.85
05/26/2022,05/26/2022,05/26/2022,Margin,,ACH Deposit,ACH,--,,$110.00,N,$115.85
05/26/2022,05/26/2022,05/26/2022,Margin,,FDIC Sweep Start of Day Movement,FSWP,--,,$28.00,N,$5.85
05/26/2022,05/26/2022,05/26/2022,Sweep,,FDIC Sweep Start of Day Movement,FSWP,--,,($28.00),N,($22.15)
05/25/2022,05/25/2022,05/26/2022,Margin,NFLX,NFLX 2022-05-27 Call $205.00,BTO,1,$0.14,($14.00),N,$5.85
05/25/2022,05/25/2022,05/26/2022,Margin,NFLX,NFLX 2022-05-27 Call $205.00,BTO,1,$0.14,($14.00),N,$19.85
05/25/2022,05/25/2022,05/25/2022,Sweep,,FDIC Sweep Start of Day Movement,FSWP,--,,$29.98,N,$33.85
05/25/2022,05/25/2022,05/25/2022,Margin,,FDIC Sweep Start of Day Movement,FSWP,--,,($29.98),N,$3.87
05/24/2022,05/24/2022,05/25/2022,Margin,TDOC,TDOC 2022-05-27 Call $35.00,STC,-1,$0.30,$29.98,N,$33.85
05/23/2022,05/23/2022,05/24/2022,Margin,TDOC,TDOC 2022-05-27 Call $35.00,BTO,1,$0.60,($60.00),N,$3.87
05/23/2022,05/23/2022,05/23/2022,Margin,,ACH Deposit,ACH,--,,$60.00,N,$63.87
05/20/2022,05/20/2022,05/23/2022,Margin,--,Option Expiration for FB 2022-05-20 call $230.00,OEXP,1S,,--,N,$3.87
05/11/2022,05/11/2022,05/11/2022,Margin,,FDIC Sweep Start of Day Movement,FSWP,--,,$2.02,N,$3.87
05/11/2022,05/11/2022,05/11/2022,Sweep,,FDIC Sweep Start of Day Movement,FSWP,--,,($2.02),N,$1.85
05/10/2022,05/10/2022,05/11/2022,Margin,FB,FB 2022-05-20 Call $230.00,BTO,1,$0.44,($44.00),N,$3.87
05/10/2022,05/10/2022,05/10/2022,Margin,,ACH Deposit,ACH,--,,$10.00,N,$47.87
05/10/2022,05/10/2022,05/11/2022,Margin,IBM,IBM 2022-05-20 Call $145.00,STC,-4,$0.08,$31.98,N,$37.87
05/09/2022,05/09/2022,05/09/2022,Margin,,FDIC Sweep Start of Day Movement,FSWP,--,,$8.00,N,$5.89
05/09/2022,05/09/2022,05/09/2022,Sweep,,FDIC Sweep Start of Day Movement,FSWP,--,,($8.00),N,($2.11)
05/06/2022,05/06/2022,05/09/2022,Margin,IBM,IBM 2022-05-20 Call $145.00,BTO,4,$0.27,($108.00),N,$5.89
05/06/2022,05/06/2022,05/06/2022,Margin,,ACH Deposit,ACH,--,,$100.00,N,$113.89
05/06/2022,05/06/2022,05/06/2022,Margin,,FDIC Sweep Journal,FSWP,--,,$5.00,N,$13.89
05/06/2022,05/06/2022,05/06/2022,Sweep,,FDIC Sweep Journal,FSWP,--,,($5.00),N,$8.89
05/06/2022,05/06/2022,05/06/2022,Margin,,Gold Fee,GOLD,--,,($5.00),N,$13.89
05/06/2022,05/06/2022,05/06/2022,Sweep,,FDIC Sweep Start of Day Movement,FSWP,--,,$15.98,N,$18.89
05/06/2022,05/06/2022,05/06/2022,Margin,,FDIC Sweep Start of Day Movement,FSWP,--,,($15.98),N,$2.91
05/05/2022,05/05/2022,05/06/2022,Margin,FB,FB 2022-05-06 Call $237.50,STC,-4,$0.04,$15.98,N,$18.89
05/05/2022,05/05/2022,05/05/2022,Margin,,FDIC Sweep Start of Day Movement,FSWP,--,,$73.02,N,$2.91
05/05/2022,05/05/2022,05/05/2022,Sweep,,FDIC Sweep Start of Day Movement,FSWP,--,,($73.02),N,($70.11)
05/04/2022,05/04/2022,05/05/2022,Margin,FB,FB 2022-05-06 Call $237.50,BTO,4,$0.14,($56.00),N,$2.91
05/04/2022,05/04/2022,05/05/2022,Margin,INTC,INTC 2022-05-20 Put $42.00,STC,-1,$0.46,$45.98,N,$58.91
05/04/2022,05/04/2022,05/05/2022,Margin,INTC,INTC 2022-05-20 Put $42.00,BTO,1,$0.63,($63.00),N,$12.93
05/03/2022,05/03/2022,05/03/2022,Sweep,,FDIC Sweep Start of Day Movement,FSWP,--,,$74.98,N,$75.93
05/03/2022,05/03/2022,05/03/2022,Margin,,FDIC Sweep Start of Day Movement,FSWP,--,,($74.98),N,$0.95
05/02/2022,05/02/2022,05/03/2022,Margin,IBM,IBM 2022-05-20 Call $145.00,STC,-5,$0.15,$74.98,N,$75.93
04/29/2022,04/29/2022,05/02/2022,Margin,--,Option Expiration for IBM 2022-04-29 call $139.00,OEXP,1S,,--,N,$0.95
04/29/2022,04/29/2022,04/29/2022,Margin,,FDIC Sweep Start of Day Movement,FSWP,--,,$10.00,N,$0.95
04/29/2022,04/29/2022,04/29/2022,Sweep,,FDIC Sweep Start of Day Movement,FSWP,--,,($10.00),N,($9.05)
04/28/2022,04/28/2022,04/29/2022,Margin,IBM,IBM 2022-04-29 Call $139.00,BTO,1,$0.10,($10.00),N,$0.95
04/27/2022,04/27/2022,04/27/2022,Sweep,,FDIC Sweep Start of Day Movement,FSWP,--,,$10.00,N,$10.95
04/27/2022,04/27/2022,04/27/2022,Margin,,FDIC Sweep Start of Day Movement,FSWP,--,,($10.00),N,$0.95
04/26/2022,04/26/2022,04/27/2022,Margin,IBM,IBM 2022-05-20 Call $145.00,BTO,2,$0.70,($140.00),N,$10.95
04/26/2022,04/26/2022,04/26/2022,Margin,,ACH Deposit,ACH,--,,$150.00,N,$150.95
04/25/2022,04/25/2022,04/25/2022,Margin,,FDIC Sweep Start of Day Movement,FSWP,--,,$100.00,N,$0.95
04/25/2022,04/25/2022,04/25/2022,Sweep,,FDIC Sweep Start of Day Movement,FSWP,--,,($100.00),N,($99.05)
04/22/2022,04/22/2022,04/25/2022,Margin,IBM,IBM 2022-05-20 Call $145.00,BTO,1,$1.00,($100.00),N,$0.95
04/22/2022,04/22/2022,04/22/2022,Sweep,,FDIC Sweep Start of Day Movement,FSWP,--,,$100.95,N,$100.95
04/22/2022,04/22/2022,04/22/2022,Margin,,FDIC Sweep Start of Day Movement,FSWP,--,,($100.95),N,$0.00
04/21/2022,04/21/2022,04/22/2022,Margin,IBM,IBM 2022-04-22 Call $144.00,STC,-10,$0.10,$99.97,N,$100.95
04/21/2022,04/21/2022,04/22/2022,Margin,IBM,IBM 2022-04-22 Call $144.00,BTO,8,$0.16,($128.00),N,$0.98
04/21/2022,04/21/2022,04/22/2022,Margin,IBM,IBM 2022-04-22 Call $144.00,BTO,1,$0.16,($16.00),N,$128.98
04/21/2022,04/21/2022,04/22/2022,Margin,IBM,IBM 2022-04-22 Call $144.00,BTO,1,$0.16,($16.00),N,$144.98
04/21/2022,04/21/2022,04/22/2022,Margin,IBM,IBM 2022-04-22 Call $142.00,STC,-3,$0.52,$155.98,N,$160.98
04/21/2022,04/21/2022,04/22/2022,Margin,IBM,IBM 2022-04-22 Call $142.00,BTO,3,$0.65,($195.00),N,$5.00
04/21/2022,04/21/2022,04/21/2022,Margin,,FDIC Sweep Journal,FSWP,--,,$10.77,N,$200.00
04/21/2022,04/21/2022,04/21/2022,Sweep,,FDIC Sweep Journal,FSWP,--,,($10.77),N,$189.23
04/21/2022,04/21/2022,04/21/2022,Margin,,ACH Withdrawal,ACH,--,,($202.75),N,$200.00
04/21/2022,04/21/2022,04/22/2022,Margin,IBM,IBM 2022-05-20 Call $145.00,BTO,2,$1.22,($244.00),N,$402.75
04/21/2022,04/21/2022,04/22/2022,Margin,IBM,IBM 2022-05-20 Call $142.00,STC,-3,$2.12,$635.98,N,$646.75
04/21/2022,04/21/2022,04/21/2022,Sweep,,FDIC Sweep Start of Day Movement,FSWP,--,,$10.00,N,$10.77
04/21/2022,04/21/2022,04/21/2022,Margin,,FDIC Sweep Start of Day Movement,FSWP,--,,($10.00),N,$0.77
04/20/2022,04/20/2022,04/20/2022,Margin,,ACH Deposit,ACH,--,,$10.00,N,$10.77
04/20/2022,04/20/2022,04/21/2022,Margin,IBM,IBM 2022-05-20 Call $142.00,BTO,1,$0.90,($90.00),N,$0.77
04/20/2022,04/20/2022,04/20/2022,Margin,,ACH Deposit,ACH,--,,$50.00,N,$90.77
04/20/2022,04/20/2022,04/21/2022,Margin,IBM,IBM 2022-05-20 Call $142.00,BTO,2,$0.80,($160.00),N,$40.77
04/20/2022,04/20/2022,04/20/2022,Margin,,ACH Deposit,ACH,--,,$200.00,N,$200.77
04/14/2022,04/14/2022,04/18/2022,Margin,--,Option Expiration for ROKU 2022-04-14 call $142.00,OEXP,21S,,--,N,$0.77
04/14/2022,04/14/2022,04/18/2022,Margin,--,Option Expiration for IBM 2022-04-14 call $145.00,OEXP,1S,,--,N,$0.77
04/13/2022,04/13/2022,04/13/2022,Margin,,FDIC Sweep Start of Day Movement,FSWP,--,,$43.00,N,$0.77
04/13/2022,04/13/2022,04/13/2022,Sweep,,FDIC Sweep Start of Day Movement,FSWP,--,,($43.00),N,($42.23)
04/12/2022,04/12/2022,04/13/2022,Margin,ROKU,ROKU 2022-04-14 Call $142.00,BTO,1,$0.03,($3.00),N,$0.77
04/12/2022,04/12/2022,04/13/2022,Margin,ROKU,ROKU 2022-04-14 Call $142.00,BTO,1,$0.02,($2.00),N,$3.77
04/12/2022,04/12/2022,04/13/2022,Margin,ROKU,ROKU 2022-04-14 Call $142.00,BTO,5,$0.02,($10.00),N,$5.77
04/12/2022,04/12/2022,04/13/2022,Margin,ROKU,ROKU 2022-04-14 Call $142.00,BTO,14,$0.02,($28.00),N,$15.77
04/06/2022,04/06/2022,04/06/2022,Margin,,FDIC Sweep Journal,FSWP,--,,$5.00,N,$43.77
04/06/2022,04/06/2022,04/06/2022,Sweep,,FDIC Sweep Journal,FSWP,--,,($5.00),N,$38.77
04/06/2022,04/06/2022,04/06/2022,Margin,,Gold Fee,GOLD,--,,($5.00),N,$43.77
04/06/2022,04/06/2022,04/06/2022,Sweep,,FDIC Sweep Start of Day Movement,FSWP,--,,$39.96,N,$48.77
04/06/2022,04/06/2022,04/06/2022,Margin,,FDIC Sweep Start of Day Movement,FSWP,--,,($39.96),N,$8.81
04/05/2022,04/05/2022,04/06/2022,Margin,DKNG,DKNG 2022-04-08 Call $22.00,STC,-1,$0.10,$9.98,N,$48.77
04/05/2022,04/05/2022,04/06/2022,Margin,DKNG,DKNG 2022-04-08 Call $22.00,STC,-3,$0.10,$29.98,N,$38.79
04/05/2022,04/05/2022,04/05/2022,Margin,,FDIC Sweep Start of Day Movement,FSWP,--,,$24.00,N,$8.81
04/05/2022,04/05/2022,04/05/2022,Sweep,,FDIC Sweep Start of Day Movement,FSWP,--,,($24.00),N,($15.19)
04/04/2022,04/04/2022,04/05/2022,Margin,DKNG,DKNG 2022-04-08 Call $22.00,BTO,2,$0.22,($44.00),N,$8.81
04/04/2022,04/04/2022,04/05/2022,Margin,DKNG,DKNG 2022-04-08 Call $22.00,BTO,2,$0.22,($44.00),N,$52.81
04/04/2022,04/04/2022,04/04/2022,Margin,,ACH Deposit,ACH,--,,$12.00,N,$96.81
04/04/2022,04/04/2022,04/04/2022,Margin,,ACH Deposit,ACH,--,,$52.00,N,$84.81
04/01/2022,04/01/2022,04/04/2022,Margin,--,Option Expiration for IBM 2022-04-01 call $137.00,OEXP,1S,,--,N,$32.81
03/31/2022,03/31/2022,03/31/2022,Sweep,,FDIC Sweep Start of Day Movement,FSWP,--,,$28.95,N,$32.81
03/31/2022,03/31/2022,03/31/2022,Margin,,FDIC Sweep Start of Day Movement,FSWP,--,,($28.95),N,$3.86
03/30/2022,03/30/2022,03/31/2022,Margin,IBM,IBM 2022-04-01 Call $137.00,BTO,1,$0.01,($1.00),N,$32.81
03/30/2022,03/30/2022,03/31/2022,Margin,IBM,IBM 2022-04-01 Call $136.00,STC,-11,$0.02,$21.97,N,$33.81
03/30/2022,03/30/2022,03/31/2022,Margin,IBM,IBM 2022-04-01 Call $136.00,STC,-4,$0.02,$7.98,N,$11.84
03/28/2022,03/28/2022,03/28/2022,Sweep,,FDIC Sweep Start of Day Movement,FSWP,--,,$2.00,N,$3.86
03/28/2022,03/28/2022,03/28/2022,Margin,,FDIC Sweep Start of Day Movement,FSWP,--,,($2.00),N,$1.86
03/25/2022,03/25/2022,03/28/2022,Margin,--,Option Expiration for JD 2022-03-25 call $70.00,OEXP,2S,,--,N,$3.86
03/25/2022,03/25/2022,03/28/2022,Margin,IBM,IBM 2022-04-01 Call $136.00,BTO,15,$0.10,($150.00),N,$3.86
03/25/2022,03/25/2022,03/25/2022,Margin,,ACH Deposit,ACH,--,,$150.00,N,$153.86
03/25/2022,03/25/2022,03/28/2022,Margin,IBM,IBM 2022-04-14 Call $145.00,BTO,1,$0.06,($6.00),N,$3.86
03/25/2022,03/25/2022,03/25/2022,Margin,,ACH Deposit,ACH,--,,$8.00,N,$9.86
03/24/2022,03/24/2022,03/24/2022,Margin,,FDIC Sweep Start of Day Movement,FSWP,--,,$154.00,N,$1.86
03/24/2022,03/24/2022,03/24/2022,Sweep,,FDIC Sweep Start of Day Movement,FSWP,--,,($154.00),N,($152.14)
03/23/2022,03/23/2022,03/24/2022,Margin,JD,JD 2022-03-25 Call $70.00,BTO,2,$0.77,($154.00),N,$1.86
03/21/2022,03/21/2022,03/21/2022,Sweep,,FDIC Sweep Start of Day Movement,FSWP,--,,$155.86,N,$155.86
03/21/2022,03/21/2022,03/21/2022,Margin,,FDIC Sweep Start of Day Movement,FSWP,--,,($155.86),N,$0.00
03/18/2022,03/18/2022,03/21/2022,Margin,GOOGL,"GOOGL 2022-03-18 Call $2,720.00",STC,-1,$1.50,$149.98,N,$155.86
03/18/2022,03/18/2022,03/21/2022,Margin,GOOGL,"GOOGL 2022-03-18 Call $2,720.00",BTO,1,$1.80,($180.00),N,$5.88
03/18/2022,03/18/2022,03/21/2022,Margin,GOOGL,"GOOGL 2022-03-18 Call $2,725.00",STC,-1,$1.05,$104.98,N,$185.88
03/17/2022,03/17/2022,03/18/2022,Margin,GOOGL,"GOOGL 2022-03-18 Call $2,725.00",BTO,1,$2.20,($220.00),N,$80.90
03/17/2022,03/17/2022,03/17/2022,Margin,,FDIC Sweep Journal,FSWP,--,,$0.94,N,$300.90
03/17/2022,03/17/2022,03/17/2022,Sweep,,FDIC Sweep Journal,FSWP,--,,($0.94),N,$299.96
03/17/2022,03/17/2022,03/17/2022,Margin,,ACH Withdrawal,ACH,--,,($200.00),N,$300.90
03/17/2022,03/17/2022,03/18/2022,Margin,AMZN,"AMZN 2022-03-18 Call $3,190.00",STC,-1,$5.00,$499.98,N,$500.90
03/17/2022,03/17/2022,03/18/2022,Margin,AMZN,"AMZN 2022-03-18 Call $3,190.00",BTO,1,$2.30,($230.00),N,$0.92
03/17/2022,03/17/2022,03/18/2022,Margin,AMZN,"AMZN 2022-03-18 Call $3,235.00",STC,-1,$2.30,$229.98,N,$230.92
03/17/2022,03/17/2022,03/17/2022,Margin,,FDIC Sweep Start of Day Movement,FSWP,--,,$4.04,N,$0.94
03/17/2022,03/17/2022,03/17/2022,Sweep,,FDIC Sweep Start of Day Movement,FSWP,--,,($4.04),N,($3.10)
03/16/2022,03/16/2022,03/17/2022,Margin,AMZN,"AMZN 2022-03-18 Call $3,235.00",BTO,1,$1.04,($104.00),N,$0.94
03/16/2022,03/16/2022,03/17/2022,Margin,AMZN,"AMZN 2022-03-18 Call $3,240.00",STC,-1,$1.00,$99.98,N,$104.94
03/16/2022,03/16/2022,03/17/2022,Margin,AMZN,"AMZN 2022-03-18 Call $3,240.00",BTO,1,$1.24,($124.00),N,$4.96
03/16/2022,03/16/2022,03/16/2022,Margin,,ACH Deposit,ACH,--,,$10.00,N,$128.96
03/16/2022,03/16/2022,03/17/2022,Margin,INTC,INTC 2022-04-01 Put $42.50,STC,-3,$0.38,$113.98,N,$118.96
03/16/2022,03/16/2022,03/16/2022,Sweep,,FDIC Sweep Start of Day Movement,FSWP,--,,$3.00,N,$4.98
03/16/2022,03/16/2022,03/16/2022,Margin,,FDIC Sweep Start of Day Movement,FSWP,--,,($3.00),N,$1.98
03/15/2022,03/15/2022,03/16/2022,Margin,INTC,INTC 2022-04-01 Put $42.50,BTO,3,$0.74,($222.00),N,$4.98
03/15/2022,03/15/2022,03/15/2022,Margin,,ACH Deposit,ACH,--,,$5.00,N,$226.98
03/15/2022,03/15/2022,03/15/2022,Margin,,ACH Deposit,ACH,--,,$220.00,N,$221.98
03/11/2022,03/11/2022,03/14/2022,Margin,--,Option Expiration for QCOM 2022-03-11 call $175.00,OEXP,2S,,--,N,$1.98
03/08/2022,03/08/2022,03/08/2022,Sweep,,FDIC Sweep Start of Day Movement,FSWP,--,,$1.98,N,$1.98
03/08/2022,03/08/2022,03/08/2022,Margin,,FDIC Sweep Start of Day Movement,FSWP,--,,($1.98),N,$0.00
03/07/2022,03/07/2022,03/08/2022,Margin,QCOM,QCOM 2022-03-11 Call $175.00,BTO,1,$0.24,($24.00),N,$1.98
03/07/2022,03/07/2022,03/07/2022,Margin,,ACH Deposit,ACH,--,,$30.00,N,$25.98
03/07/2022,03/07/2022,03/07/2022,Margin,,FDIC Sweep Journal,FSWP,--,,$0.98,N,($4.02)
03/07/2022,03/07/2022,03/07/2022,Sweep,,FDIC Sweep Journal,FSWP,--,,($0.98),N,($5.00)
03/07/2022,03/07/2022,03/07/2022,Margin,,Gold Fee,GOLD,--,,($5.00),N,($4.02)
03/04/2022,03/04/2022,03/07/2022,Margin,--,Option Expiration for TTD 2022-03-04 call $91.00,OEXP,2S,,--,N,$0.98
03/04/2022,03/04/2022,03/07/2022,Margin,QCOM,QCOM 2022-03-11 Call $175.00,BTO,1,$0.60,($60.00),N,$0.98
03/04/2022,03/04/2022,03/04/2022,Margin,,ACH Deposit,ACH,--,,$60.00,N,$60.98
03/02/2022,03/02/2022,03/02/2022,Margin,,FDIC Sweep Start of Day Movement,FSWP,--,,$1.02,N,$0.98
03/02/2022,03/02/2022,03/02/2022,Sweep,,FDIC Sweep Start of Day Movement,FSWP,--,,($1.02),N,($0.04)
03/01/2022,03/01/2022,03/02/2022,Margin,TTD,TTD 2022-03-04 Call $91.00,BTO,1,$0.61,($61.00),N,$0.98
03/01/2022,03/01/2022,03/01/2022,Margin,,ACH Deposit,ACH,--,,$20.00,N,$61.98
03/01/2022,03/01/2022,03/02/2022,Margin,TTD,TTD 2022-03-04 Call $91.00,BTO,1,$0.60,($60.00),N,$41.98
03/01/2022,03/01/2022,03/02/2022,Margin,TTD,TTD 2022-03-04 Call $91.00,STC,-2,$0.50,$99.98,N,$101.98
03/01/2022,03/01/2022,03/01/2022,Margin,,FDIC Sweep Start of Day Movement,FSWP,--,,$3.02,N,$2.00
03/01/2022,03/01/2022,03/01/2022,Sweep,,FDIC Sweep Start of Day Movement,FSWP,--,,($3.02),N,($1.02)
02/28/2022,02/28/2022,02/28/2022,Sweep,,Interest Payment,INT,--,,$0.01,N,$2.00
02/28/2022,02/28/2022,03/01/2022,Margin,TTD,TTD 2022-03-04 Call $91.00,BTO,1,$1.02,($102.00),N,$1.99
02/28/2022,02/28/2022,02/28/2022,Margin,,ACH Deposit,ACH,--,,$102.00,N,$103.99
02/28/2022,02/28/2022,03/01/2022,Margin,TTD,TTD 2022-03-04 Call $91.00,BTO,1,$0.73,($73.00),N,$1.99
02/28/2022,02/28/2022,02/28/2022,Margin,,ACH Deposit,ACH,--,,$10.00,N,$74.99
02/28/2022,02/28/2022,03/01/2022,Margin,BMY,BMY 2022-03-04 Call $70.00,STC,-5,$0.12,$59.98,N,$64.99
02/28/2022,02/28/2022,02/28/2022,Margin,,FDIC Sweep Start of Day Movement,FSWP,--,,$108.00,N,$5.01
02/28/2022,02/28/2022,02/28/2022,Sweep,,FDIC Sweep Start of Day Movement,FSWP,--,,($108.00),N,($102.99)
02/25/2022,02/25/2022,02/28/2022,Margin,--,Option Expiration for TTD 2022-02-25 call $91.00,OEXP,1S,,--,N,$5.01
02/25/2022,02/25/2022,02/28/2022,Margin,--,Option Expiration for TTD 2022-02-25 call $89.00,OEXP,1S,,--,N,$5.01
02/25/2022,02/25/2022,02/25/2022,Margin,,ACH Deposit,ACH,--,,$5.00,N,$5.01
02/25/2022,02/25/2022,02/28/2022,Margin,BMY,BMY 2022-03-04 Call $70.00,BTO,1,$0.26,($26.00),N,$0.01
02/25/2022,02/25/2022,02/25/2022,Margin,,ACH Deposit,ACH,--,,$7.00,N,$26.01
02/25/2022,02/25/2022,02/28/2022,Margin,BMY,BMY 2022-03-04 Call $70.00,BTO,4,$0.26,($104.00),N,$19.01
02/25/2022,02/25/2022,02/25/2022,Margin,,ACH Deposit,ACH,--,,$5.00,N,$123.01
02/25/2022,02/25/2022,02/25/2022,Margin,,ACH Deposit,ACH,--,,$5.00,N,$118.01
02/25/2022,02/25/2022,02/25/2022,Sweep,,FDIC Sweep Start of Day Movement,FSWP,--,,$42.94,N,$113.01
02/25/2022,02/25/2022,02/25/2022,Margin,,FDIC Sweep Start of Day Movement,FSWP,--,,($42.94),N,$70.07
02/24/2022,02/24/2022,02/25/2022,Margin,TTD,TTD 2022-02-25 Call $89.00,BTO,1,$0.09,($9.00),N,$113.01
02/24/2022,02/24/2022,02/25/2022,Margin,TTD,TTD 2022-02-25 Call $91.00,BTO,1,$0.03,($3.00),N,$122.01
02/24/2022,02/24/2022,02/24/2022,Margin,,FDIC Sweep Journal,FSWP,--,,$12.00,N,$125.01
02/24/2022,02/24/2022,02/24/2022,Sweep,,FDIC Sweep Journal,FSWP,--,,($12.00),N,$113.01
02/24/2022,02/24/2022,02/24/2022,Margin,,ACH Withdrawal,ACH,--,,($12.00),N,$125.01
02/24/2022,02/24/2022,02/25/2022,Margin,TSLA,TSLA 2022-02-25 Call $825.00,STC,-1,$1.20,$119.98,N,$137.01
02/24/2022,02/24/2022,02/25/2022,Margin,TSLA,TSLA 2022-02-25 Call $825.00,BTO,1,$1.08,($108.00),N,$17.03
02/24/2022,02/24/2022,02/24/2022,Margin,,FDIC Sweep Journal,FSWP,--,,$13.00,N,$125.03
02/24/2022,02/24/2022,02/24/2022,Sweep,,FDIC Sweep Journal,FSWP,--,,($13.00),N,$112.03
02/24/2022,02/24/2022,02/24/2022,Margin,,ACH Withdrawal,ACH,--,,($13.00),N,$125.03
02/24/2022,02/24/2022,02/25/2022,Margin,NFLX,NFLX 2022-02-25 Call $387.50,STC,-1,$1.25,$124.98,N,$138.03
02/24/2022,02/24/2022,02/25/2022,Margin,NFLX,NFLX 2022-02-25 Call $387.50,BTO,1,$1.12,($112.00),N,$13.05
02/24/2022,02/24/2022,02/25/2022,Margin,TSLA,TSLA 2022-02-25 Put $560.00,STC,-1,$0.30,$29.98,N,$125.05
02/24/2022,02/24/2022,02/24/2022,Margin,,FDIC Sweep Journal,FSWP,--,,$33.00,N,$95.07
02/24/2022,02/24/2022,02/24/2022,Sweep,,FDIC Sweep Journal,FSWP,--,,($33.00),N,$62.07
02/24/2022,02/24/2022,02/24/2022,Margin,,ACH Withdrawal,ACH,--,,($33.00),N,$95.07
02/24/2022,02/24/2022,02/24/2022,Sweep,,FDIC Sweep Start of Day Movement,FSWP,--,,$127.98,N,$128.07
02/24/2022,02/24/2022,02/24/2022,Margin,,FDIC Sweep Start of Day Movement,FSWP,--,,($127.98),N,$0.09
02/23/2022,02/23/2022,02/24/2022,Margin,TSLA,TSLA 2022-02-25 Put $700.00,STC,-1,$1.26,$125.98,N,$128.07
02/23/2022,02/23/2022,02/24/2022,Margin,TSLA,TSLA 2022-02-25 Put $700.00,BTO,1,$1.23,($123.00),N,$2.09
02/23/2022,02/23/2022,02/23/2022,Margin,,ACH Deposit,ACH,--,,$125.00,N,$125.09
02/23/2022,02/23/2022,02/23/2022,Margin,,FDIC Sweep Start of Day Movement,FSWP,--,,$13.00,N,$0.09
02/23/2022,02/23/2022,02/23/2022,Sweep,,FDIC Sweep Start of Day Movement,FSWP,--,,($13.00),N,($12.91)
02/22/2022,02/22/2022,02/23/2022,Margin,TSLA,TSLA 2022-02-25 Put $560.00,BTO,1,$0.13,($13.00),N,$0.09
02/18/2022,02/18/2022,02/22/2022,Margin,--,Option Expiration for FB 2022-02-18 call $225.00,OEXP,3S,,--,N,$13.09
02/18/2022,02/18/2022,02/18/2022,Sweep,,FDIC Sweep Start of Day Movement,FSWP,--,,$12.95,N,$13.09
02/18/2022,02/18/2022,02/18/2022,Margin,,FDIC Sweep Start of Day Movement,FSWP,--,,($12.95),N,$0.14
02/17/2022,02/17/2022,02/18/2022,Margin,FB,FB 2022-02-18 Call $225.00,BTO,1,$0.44,($44.00),N,$13.09
02/17/2022,02/17/2022,02/17/2022,Margin,,ACH Deposit,ACH,--,,$20.00,N,$57.09
02/17/2022,02/17/2022,02/17/2022,Margin,,ACH Deposit,ACH,--,,$25.00,N,$37.09
02/17/2022,02/17/2022,02/18/2022,Margin,FB,FB 2022-02-18 Call $225.00,BTO,2,$0.44,($88.00),N,$12.09
02/17/2022,02/17/2022,02/18/2022,Margin,MA,MA 2022-02-18 Call $400.00,STC,-20,$0.05,$99.95,N,$100.09
02/16/2022,02/16/2022,02/16/2022,Margin,,FDIC Sweep Start of Day Movement,FSWP,--,,$0.02,N,$0.14
02/16/2022,02/16/2022,02/16/2022,Sweep,,FDIC Sweep Start of Day Movement,FSWP,--,,($0.02),N,$0.12
02/15/2022,02/15/2022,02/16/2022,Margin,MA,MA 2022-02-18 Call $400.00,BTO,10,$0.28,($280.00),N,$0.14
02/15/2022,02/15/2022,02/15/2022,Margin,,ACH Deposit,ACH,--,,$20.00,N,$280.14
02/15/2022,02/15/2022,02/15/2022,Margin,,ACH Deposit,ACH,--,,$260.00,N,$260.14
02/15/2022,02/15/2022,02/16/2022,Margin,MA,MA 2022-02-18 Call $400.00,BTO,10,$0.18,($180.00),N,$0.14
02/15/2022,02/15/2022,02/16/2022,Margin,GLD,GLD 2022-02-18 Call $176.00,STC,-6,$0.30,$179.98,N,$180.14
02/15/2022,02/15/2022,02/15/2022,Margin,,FDIC Sweep Start of Day Movement,FSWP,--,,$6.00,N,$0.16
02/15/2022,02/15/2022,02/15/2022,Sweep,,FDIC Sweep Start of Day Movement,FSWP,--,,($6.00),N,($5.84)
02/14/2022,02/14/2022,02/15/2022,Margin,GLD,GLD 2022-02-18 Call $176.00,BTO,3,$0.75,($225.00),N,$0.16
02/14/2022,02/14/2022,02/14/2022,Margin,,ACH Deposit,ACH,--,,$219.00,N,$225.16
02/14/2022,02/14/2022,02/14/2022,Margin,,FDIC Sweep Start of Day Movement,FSWP,--,,$276.00,N,$6.16
02/14/2022,02/14/2022,02/14/2022,Sweep,,FDIC Sweep Start of Day Movement,FSWP,--,,($276.00),N,($269.84)
02/11/2022,02/11/2022,02/14/2022,Margin,--,Option Expiration for DASH 2022-02-11 call $130.00,OEXP,5S,,--,N,$6.16
02/11/2022,02/11/2022,02/14/2022,Margin,GLD,GLD 2022-02-18 Call $176.00,BTO,3,$0.92,($276.00),N,$6.16
02/11/2022,02/11/2022,02/11/2022,Sweep,,FDIC Sweep Start of Day Movement,FSWP,--,,$234.94,N,$282.16
02/11/2022,02/11/2022,02/11/2022,Margin,,FDIC Sweep Start of Day Movement,FSWP,--,,($234.94),N,$47.22
02/10/2022,02/10/2022,02/11/2022,Margin,GOOGL,"GOOGL 2022-02-11 Call $2,870.00",STC,-1,$2.80,$279.98,N,$282.16
02/10/2022,02/10/2022,02/11/2022,Margin,GOOGL,"GOOGL 2022-02-11 Call $2,870.00",BTO,1,$2.90,($290.00),N,$2.18
02/10/2022,02/10/2022,02/11/2022,Margin,NTES,NTES 2022-02-11 Call $109.00,STC,-4,$0.35,$139.98,N,$292.18
02/10/2022,02/10/2022,02/11/2022,Margin,NTES,NTES 2022-02-11 Call $109.00,STC,-3,$0.35,$104.98,N,$152.20
02/10/2022,02/10/2022,02/10/2022,Sweep,,FDIC Sweep Start of Day Movement,FSWP,--,,$47.22,N,$47.22
02/10/2022,02/10/2022,02/10/2022,Margin,,FDIC Sweep Start of Day Movement,FSWP,--,,($47.22),N,$0.00
02/09/2022,02/09/2022,02/10/2022,Margin,NTES,NTES 2022-02-11 Call $109.00,BTO,4,$0.90,($360.00),N,$47.22
02/09/2022,02/09/2022,02/10/2022,Margin,NTES,NTES 2022-02-11 Call $109.00,BTO,1,$0.85,($85.00),N,$407.22
02/09/2022,02/09/2022,02/10/2022,Margin,NTES,NTES 2022-02-11 Call $109.00,BTO,2,$0.85,($170.00),N,$492.22
02/09/2022,02/09/2022,02/09/2022,Margin,,FDIC Sweep Journal,FSWP,--,,$42.26,N,$662.22
02/09/2022,02/09/2022,02/09/2022,Sweep,,FDIC Sweep Journal,FSWP,--,,($42.26),N,$619.96
02/09/2022,02/09/2022,02/09/2022,Margin,,ACH Withdrawal,ACH,--,,($280.00),N,$662.22
02/09/2022,02/09/2022,02/10/2022,Margin,NTES,NTES 2022-02-11 Call $107.00,STC,-4,$1.50,$599.98,N,$942.22
02/09/2022,02/09/2022,02/10/2022,Margin,BABA,BABA 2022-02-11 Call $129.00,STC,-2,$1.50,$299.98,N,$342.24
02/09/2022,02/09/2022,02/09/2022,Sweep,,FDIC Sweep Start of Day Movement,FSWP,--,,$35.98,N,$42.26
02/09/2022,02/09/2022,02/09/2022,Margin,,FDIC Sweep Start of Day Movement,FSWP,--,,($35.98),N,$6.28
02/08/2022,02/08/2022,02/09/2022,Margin,NTES,NTES 2022-02-11 Call $107.00,BTO,4,$0.90,($360.00),N,$42.26
02/08/2022,02/08/2022,02/08/2022,Margin,,ACH Deposit,ACH,--,,$400.00,N,$402.26
02/08/2022,02/08/2022,02/09/2022,Margin,BABA,BABA 2022-02-11 Call $129.00,BTO,1,$0.70,($70.00),N,$2.26
02/08/2022,02/08/2022,02/08/2022,Margin,,ACH Deposit,ACH,--,,$66.00,N,$72.26
02/08/2022,02/08/2022,02/09/2022,Margin,BABA,BABA 2022-02-11 Call $129.00,BTO,1,$1.18,($118.00),N,$6.26
02/08/2022,02/08/2022,02/09/2022,Margin,BABA,BABA 2022-02-11 Put $110.00,STC,-1,$1.18,$117.98,N,$124.26
02/08/2022,02/08/2022,02/08/2022,Sweep,,FDIC Sweep Start of Day Movement,FSWP,--,,$6.28,N,$6.28
02/08/2022,02/08/2022,02/08/2022,Margin,,FDIC Sweep Start of Day Movement,FSWP,--,,($6.28),N,$0.00
02/07/2022,02/07/2022,02/08/2022,Margin,BABA,BABA 2022-02-11 Put $110.00,BTO,1,$2.61,($261.00),N,$6.28
02/07/2022,02/07/2022,02/07/2022,Margin,,ACH Deposit,ACH,--,,$10.00,N,$267.28
02/07/2022,02/07/2022,02/07/2022,Margin,,ACH Deposit,ACH,--,,$262.00,N,$257.28
02/07/2022,02/07/2022,02/07/2022,Margin,,FDIC Sweep Journal,FSWP,--,,$0.28,N,($4.72)
02/07/2022,02/07/2022,02/07/2022,Sweep,,FDIC Sweep Journal,FSWP,--,,($0.28),N,($5.00)
02/07/2022,02/07/2022,02/07/2022,Margin,,Gold Fee,GOLD,--,,($5.00),N,($4.72)
02/07/2022,02/07/2022,02/07/2022,Margin,,FDIC Sweep Start of Day Movement,FSWP,--,,$7.00,N,$0.28
02/07/2022,02/07/2022,02/07/2022,Sweep,,FDIC Sweep Start of Day Movement,FSWP,--,,($7.00),N,($6.72)
02/04/2022,02/04/2022,02/07/2022,Margin,--,Option Expiration for QCOM 2022-02-04 call $195.00,OEXP,2S,,--,N,$0.28
02/04/2022,02/04/2022,02/07/2022,Margin,DASH,DASH 2022-02-11 Call $130.00,BTO,1,$0.08,($8.00),N,$0.28
02/04/2022,02/04/2022,02/07/2022,Margin,DASH,DASH 2022-02-11 Call $130.00,BTO,4,$0.08,($32.00),N,$8.28
02/04/2022,02/04/2022,02/04/2022,Margin,,ACH Deposit,ACH,--,,$1.00,N,$40.28
02/04/2022,02/04/2022,02/04/2022,Margin,,ACH Deposit,ACH,--,,$32.00,N,$39.28
02/04/2022,02/04/2022,02/04/2022,Margin,,FDIC Sweep Start of Day Movement,FSWP,--,,$43.00,N,$7.28
02/04/2022,02/04/2022,02/04/2022,Sweep,,FDIC Sweep Start of Day Movement,FSWP,--,,($43.00),N,($35.72)
02/03/2022,02/03/2022,02/04/2022,Margin,QCOM,QCOM 2022-02-04 Call $195.00,BTO,1,$0.64,($64.00),N,$7.28
02/03/2022,02/03/2022,02/03/2022,Margin,,ACH Deposit,ACH,--,,$70.00,N,$71.28
02/03/2022,02/03/2022,02/04/2022,Margin,QCOM,QCOM 2022-02-04 Call $195.00,BTO,1,$0.49,($49.00),N,$1.28
01/31/2022,01/31/2022,01/31/2022,Margin,,FDIC Sweep Start of Day Movement,FSWP,--,,$1.06,N,$50.28
01/31/2022,01/31/2022,01/31/2022,Sweep,,FDIC Sweep Start of Day Movement,FSWP,--,,($1.06),N,$49.22
01/28/2022,01/28/2022,01/31/2022,Margin,AMZN,"AMZN 2022-01-28 Call $2,885.00",STC,-1,$0.50,$49.98,N,$50.28
01/28/2022,01/28/2022,01/31/2022,Margin,AMZN,"AMZN 2022-01-28 Call $2,885.00",BTO,1,$1.03,($103.00),N,$0.30
01/28/2022,01/28/2022,01/31/2022,Margin,AMZN,"AMZN 2022-01-28 Call $2,890.00",STC,-1,$0.42,$41.98,N,$103.30
01/28/2022,01/28/2022,01/31/2022,Margin,AMZN,"AMZN 2022-01-28 Call $2,890.00",BTO,1,$1.40,($140.00),N,$61.32
01/28/2022,01/28/2022,01/31/2022,Margin,AMZN,"AMZN 2022-01-28 Call $2,890.00",STC,-1,$1.50,$149.98,N,$201.32
01/28/2022,01/28/2022,01/28/2022,Sweep,,FDIC Sweep Start of Day Movement,FSWP,--,,$49.98,N,$51.34
01/28/2022,01/28/2022,01/28/2022,Margin,,FDIC Sweep Start of Day Movement,FSWP,--,,($49.98),N,$1.36
01/27/2022,01/27/2022,01/28/2022,Margin,AMZN,"AMZN 2022-01-28 Call $2,890.00",BTO,1,$5.40,($540.00),N,$51.34
01/27/2022,01/27/2022,01/28/2022,Margin,AMZN,"AMZN 2022-01-28 Call $2,950.00",STC,-1,$5.40,$539.98,N,$591.34
01/27/2022,01/27/2022,01/28/2022,Margin,AMZN,"AMZN 2022-01-28 Call $2,950.00",BTO,1,$7.00,($700.00),N,$51.36
01/27/2022,01/27/2022,01/27/2022,Margin,,ACH Deposit,ACH,--,,$50.00,N,$751.36
01/27/2022,01/27/2022,01/27/2022,Margin,,ACH Deposit,ACH,--,,$700.00,N,$701.36
01/21/2022,01/21/2022,01/24/2022,Margin,--,Option Expiration for QCOM 2022-01-21 call $195.00,OEXP,1S,,--,N,$1.36
01/21/2022,01/21/2022,01/24/2022,Margin,--,Option Expiration for DKNG 2022-01-21 call $60.00,OEXP,1S,,--,N,$1.36
01/18/2022,01/18/2022,01/18/2022,Sweep,,FDIC Sweep Start of Day Movement,FSWP,--,,$0.96,N,$1.36
01/18/2022,01/18/2022,01/18/2022,Margin,,FDIC Sweep Start of Day Movement,FSWP,--,,($0.96),N,$0.40
01/14/2022,01/14/2022,01/18/2022,Margin,--,Option Expiration for FB 2022-01-14 call $350.00,OEXP,2S,,--,N,$1.36
01/14/2022,01/14/2022,01/18/2022,Margin,QCOM,QCOM 2022-01-21 Call $195.00,BTO,1,$0.81,($81.00),N,$1.36
01/14/2022,01/14/2022,01/14/2022,Margin,,ACH Deposit,ACH,--,,$12.00,N,$82.36
01/14/2022,01/14/2022,01/18/2022,Margin,QCOM,QCOM 2022-01-14 Call $190.00,STC,-2,$0.29,$57.98,N,$70.36
01/14/2022,01/14/2022,01/18/2022,Margin,QCOM,QCOM 2022-01-14 Call $190.00,BTO,1,$0.54,($54.00),N,$12.38
01/14/2022,01/14/2022,01/14/2022,Margin,,ACH Deposit,ACH,--,,$40.00,N,$66.38
01/14/2022,01/14/2022,01/18/2022,Margin,QCOM,QCOM 2022-01-14 Call $190.00,BTO,1,$0.51,($51.00),N,$26.38
01/14/2022,01/14/2022,01/18/2022,Margin,QCOM,QCOM 2022-01-14 Call $190.00,STC,-2,$0.36,$71.98,N,$77.38
01/14/2022,01/14/2022,01/18/2022,Margin,QCOM,QCOM 2022-01-14 Call $190.00,BTO,1,$0.57,($57.00),N,$5.40
01/14/2022,01/14/2022,01/14/2022,Margin,,ACH Deposit,ACH,--,,$62.00,N,$62.40
01/14/2022,01/14/2022,01/18/2022,Margin,QCOM,QCOM 2022-01-14 Call $190.00,BTO,1,$0.26,($26.00),N,$0.40
01/14/2022,01/14/2022,01/14/2022,Margin,,ACH Deposit,ACH,--,,$26.00,N,$26.40
01/11/2022,01/11/2022,01/12/2022,Margin,FB,FB 2022-01-14 Call $350.00,BTO,1,$0.21,($21.00),N,$0.40
01/11/2022,01/11/2022,01/11/2022,Margin,,ACH Deposit,ACH,--,,$21.00,N,$21.40
01/10/2022,01/10/2022,01/10/2022,Margin,,FDIC Sweep Start of Day Movement,FSWP,--,,$1.00,N,$0.40
01/10/2022,01/10/2022,01/10/2022,Sweep,,FDIC Sweep Start of Day Movement,FSWP,--,,($1.00),N,($0.60)
01/07/2022,01/07/2022,01/10/2022,Margin,--,Option Expiration for NVDA 2022-01-07 call $320.00,OEXP,5S,,--,N,$0.40
01/07/2022,01/07/2022,01/10/2022,Margin,FB,FB 2022-01-14 Call $350.00,BTO,1,$0.86,($86.00),N,$0.40
01/07/2022,01/07/2022,01/07/2022,Margin,,ACH Deposit,ACH,--,,$85.00,N,$86.40
01/06/2022,01/06/2022,01/06/2022,Margin,,FDIC Sweep Journal,FSWP,--,,$5.00,N,$1.40
01/06/2022,01/06/2022,01/06/2022,Sweep,,FDIC Sweep Journal,FSWP,--,,($5.00),N,($3.60)
01/06/2022,01/06/2022,01/06/2022,Margin,,Gold Fee,GOLD,--,,($5.00),N,$1.40
01/05/2022,01/05/2022,01/05/2022,Margin,,FDIC Sweep Start of Day Movement,FSWP,--,,$47.00,N,$6.40
01/05/2022,01/05/2022,01/05/2022,Sweep,,FDIC Sweep Start of Day Movement,FSWP,--,,($47.00),N,($40.60)
01/04/2022,01/04/2022,01/05/2022,Margin,NVDA,NVDA 2022-01-07 Call $320.00,BTO,2,$0.37,($74.00),N,$6.40
01/04/2022,01/04/2022,01/04/2022,Margin,,ACH Deposit,ACH,--,,$80.00,N,$80.40
01/04/2022,01/04/2022,01/05/2022,Margin,NVDA,NVDA 2022-01-07 Call $320.00,BTO,1,$0.53,($53.00),N,$0.40
01/04/2022,01/04/2022,01/04/2022,Sweep,,FDIC Sweep Start of Day Movement,FSWP,--,,$39.98,N,$53.40
01/04/2022,01/04/2022,01/04/2022,Margin,,FDIC Sweep Start of Day Movement,FSWP,--,,($39.98),N,$13.42
01/03/2022,01/03/2022,01/04/2022,Margin,NVDA,NVDA 2022-01-07 Call $320.00,BTO,2,$1.60,($320.00),N,$53.40
01/03/2022,01/03/2022,01/03/2022,Margin,,ACH Deposit,ACH,--,,$200.00,N,$373.40
01/03/2022,01/03/2022,01/04/2022,Margin,OKTA,OKTA 2022-01-07 Call $232.50,STC,-2,$0.80,$159.98,N,$173.40
01/03/2022,01/03/2022,01/03/2022,Margin,,FDIC Sweep Start of Day Movement,FSWP,--,,$10.04,N,$13.42
01/03/2022,01/03/2022,01/03/2022,Sweep,,FDIC Sweep Start of Day Movement,FSWP,--,,($10.04),N,$3.38
12/31/2021,12/31/2021,01/03/2022,Margin,--,"Option Expiration for AMZN 2021-12-31 call $3,520.00",OEXP,2S,,--,N,$13.42
12/31/2021,12/31/2021,01/03/2022,Margin,--,"Option Expiration for GOOGL 2021-12-31 call $2,975.00",OEXP,1S,,--,N,$13.42
12/31/2021,12/31/2021,01/03/2022,Margin,--,"Option Expiration for GOOGL 2021-12-31 call $2,985.00",OEXP,1S,,--,N,$13.42
12/31/2021,12/31/2021,01/03/2022,Margin,OKTA,OKTA 2022-01-07 Call $232.50,BTO,2,$1.90,($380.00),N,$13.42
12/31/2021,12/31/2021,01/03/2022,Margin,GOOGL,"GOOGL 2022-01-07 Call $2,990.00",STC,-1,$3.90,$389.98,N,$393.42
12/31/2021,12/31/2021,01/03/2022,Margin,GOOGL,"GOOGL 2022-01-07 Call $2,990.00",BTO,1,$5.60,($560.00),N,$3.44
12/31/2021,12/31/2021,12/31/2021,Margin,,ACH Deposit,ACH,--,,$20.00,N,$563.44
12/31/2021,12/31/2021,01/03/2022,Margin,GOOGL,"GOOGL 2022-01-07 Call $2,990.00",STC,-1,$5.10,$509.98,N,$543.44
12/31/2021,12/31/2021,01/03/2022,Margin,GOOGL,"GOOGL 2022-01-07 Call $2,990.00",BTO,1,$6.30,($630.00),N,$33.46
12/31/2021,12/31/2021,12/31/2021,Margin,,ACH Deposit,ACH,--,,$640.00,N,$663.46
12/31/2021,12/31/2021,12/31/2021,Margin,,FDIC Sweep Start of Day Movement,FSWP,--,,$55.00,N,$23.46
12/31/2021,12/31/2021,12/31/2021,Sweep,,FDIC Sweep Start of Day Movement,FSWP,--,,($55.00),N,($31.54)
12/30/2021,12/30/2021,12/31/2021,Margin,GOOGL,"GOOGL 2021-12-31 Call $2,985.00",BTO,1,$3.80,($380.00),N,$23.46
12/30/2021,12/30/2021,12/30/2021,Margin,,ACH Deposit,ACH,--,,$25.00,N,$403.46
12/30/2021,12/30/2021,12/30/2021,Margin,,ACH Deposit,ACH,--,,$300.00,N,$378.46
12/29/2021,12/29/2021,12/29/2021,Margin,,FDIC Sweep Start of Day Movement,FSWP,--,,$598.07,N,$78.46
12/29/2021,12/29/2021,12/29/2021,Sweep,,FDIC Sweep Start of Day Movement,FSWP,--,,($598.07),N,($519.61)
12/28/2021,12/28/2021,12/29/2021,Margin,GOOGL,"GOOGL 2021-12-31 Call $2,975.00",BTO,1,$5.48,($548.00),N,$78.46
12/28/2021,12/28/2021,12/28/2021,Margin,,ACH Deposit,ACH,--,,$610.00,N,$626.46
12/28/2021,12/28/2021,12/29/2021,Margin,AMZN,"AMZN 2021-12-31 Call $3,520.00",BTO,1,$7.10,($710.00),N,$16.46
12/28/2021,12/28/2021,12/28/2021,Margin,,ACH Deposit,ACH,--,,$20.00,N,$726.46
12/28/2021,12/28/2021,12/28/2021,Margin,,ACH Deposit,ACH,--,,$700.00,N,$706.46
12/28/2021,12/28/2021,12/29/2021,Margin,AMZN,"AMZN 2021-12-31 Call $3,520.00",BTO,1,$13.30,"($1,330.00)",N,$6.46
12/28/2021,12/28/2021,12/29/2021,Margin,TDOC,TDOC 2021-12-31 Call $101.00,STC,-30,$0.22,$659.93,N,"$1,336.46"
12/28/2021,12/28/2021,12/28/2021,Sweep,,FDIC Sweep Start of Day Movement,FSWP,--,,$676.53,N,$676.53
12/28/2021,12/28/2021,12/28/2021,Margin,,FDIC Sweep Start of Day Movement,FSWP,--,,($676.53),N,$0.00
12/27/2021,12/27/2021,12/28/2021,Margin,TDOC,TDOC 2021-12-31 Call $101.00,BTO,30,$0.60,"($1,800.00)",N,$676.53
12/27/2021,12/27/2021,12/27/2021,Margin,,ACH Withdrawal,ACH,--,,($300.00),N,"$2,476.53"
12/27/2021,12/27/2021,12/28/2021,Margin,FB,FB 2021-12-31 Call $347.50,STC,-1,$3.53,$352.98,N,"$2,776.53"
12/27/2021,12/27/2021,12/28/2021,Margin,FB,FB 2021-12-31 Call $347.50,STC,-1,$3.53,$352.98,N,"$2,423.55"
12/27/2021,12/27/2021,12/27/2021,Margin,,FDIC Sweep Journal,FSWP,--,,$12.65,N,"$2,070.57"
12/27/2021,12/27/2021,12/27/2021,Sweep,,FDIC Sweep Journal,FSWP,--,,($12.65),N,"$2,057.92"
12/27/2021,12/27/2021,12/27/2021,Margin,,ACH Withdrawal,ACH,--,,"($1,000.00)",N,"$2,070.57"
12/27/2021,12/27/2021,12/28/2021,Margin,FB,FB 2021-12-31 Call $347.50,BTO,2,$2.71,($542.00),N,"$3,070.57"
12/27/2021,12/27/2021,12/28/2021,Margin,FB,FB 2021-12-31 Call $345.00,STC,-2,$4.00,$799.98,N,"$3,612.57"
12/27/2021,12/27/2021,12/28/2021,Margin,FB,FB 2021-12-31 Call $345.00,STC,-3,$4.00,"$1,199.98",N,"$2,812.59"
12/27/2021,12/27/2021,12/28/2021,Margin,FB,FB 2021-12-31 Call $345.00,STC,-3,$4.00,"$1,199.98",N,"$1,612.61"
12/27/2021,12/27/2021,12/28/2021,Margin,FB,FB 2021-12-31 Call $345.00,STC,-1,$4.00,$399.98,N,$412.63
12/27/2021,12/27/2021,12/27/2021,Sweep,,FDIC Sweep Start of Day Movement,FSWP,--,,$12.65,N,$12.65
12/27/2021,12/27/2021,12/27/2021,Margin,,FDIC Sweep Start of Day Movement,FSWP,--,,($12.65),N,$0.00
12/23/2021,12/23/2021,12/27/2021,Margin,FB,FB 2021-12-31 Call $345.00,BTO,1,$1.75,($175.00),N,$12.65
12/23/2021,12/23/2021,12/23/2021,Margin,,ACH Deposit,ACH,--,,$50.00,N,$187.65
12/23/2021,12/23/2021,12/27/2021,Margin,FB,FB 2021-12-31 Call $345.00,BTO,8,$1.73,"($1,384.00)",N,$137.65
12/23/2021,12/23/2021,12/23/2021,Margin,,FDIC Sweep Journal,FSWP,--,,$16.70,N,"$1,521.65"
12/23/2021,12/23/2021,12/23/2021,Sweep,,FDIC Sweep Journal,FSWP,--,,($16.70),N,"$1,504.95"
12/23/2021,12/23/2021,12/23/2021,Margin,,ACH Withdrawal,ACH,--,,($700.00),N,"$1,521.65"
12/23/2021,12/23/2021,12/27/2021,Margin,STX,STX 2021-12-23 Call $112.00,STC,-10,$0.28,$279.97,N,"$2,221.65"
12/23/2021,12/23/2021,12/27/2021,Margin,STX,STX 2021-12-23 Call $108.00,STC,-5,$3.85,"$1,924.98",N,"$1,941.68"
12/23/2021,12/23/2021,12/23/2021,Sweep,,FDIC Sweep Start of Day Movement,FSWP,--,,$14.98,N,$16.70
12/23/2021,12/23/2021,12/23/2021,Margin,,FDIC Sweep Start of Day Movement,FSWP,--,,($14.98),N,$1.72
12/22/2021,12/22/2021,12/23/2021,Margin,STX,STX 2021-12-23 Call $112.00,BTO,10,$0.16,($160.00),N,$16.70
12/22/2021,12/22/2021,12/23/2021,Margin,STX,STX 2021-12-23 Call $108.00,STC,-1,$1.75,$174.98,N,$176.70
12/22/2021,12/22/2021,12/22/2021,Sweep,,FDIC Sweep Start of Day Movement,FSWP,--,,$0.96,N,$1.72
12/22/2021,12/22/2021,12/22/2021,Margin,,FDIC Sweep Start of Day Movement,FSWP,--,,($0.96),N,$0.76
12/21/2021,12/21/2021,12/22/2021,Margin,STX,STX 2021-12-23 Call $108.00,BTO,2,$1.03,($206.00),N,$1.72
12/21/2021,12/21/2021,12/21/2021,Margin,,ACH Deposit,ACH,--,,$200.00,N,$207.72
12/21/2021,12/21/2021,12/22/2021,Margin,STX,STX 2021-12-23 Call $108.00,BTO,1,$0.95,($95.00),N,$7.72
12/21/2021,12/21/2021,12/21/2021,Margin,,ACH Deposit,ACH,--,,$70.00,N,$102.72
12/21/2021,12/21/2021,12/22/2021,Margin,STX,STX 2021-12-23 Call $108.00,BTO,3,$1.20,($360.00),N,$32.72
12/21/2021,12/21/2021,12/22/2021,Margin,ZS,ZS 2021-12-23 Call $310.00,STC,-1,$3.50,$349.98,N,$392.72
12/21/2021,12/21/2021,12/22/2021,Margin,NFLX,NFLX 2021-12-23 Call $630.00,STC,-1,$0.42,$41.98,N,$42.74
12/21/2021,12/21/2021,12/21/2021,Margin,,FDIC Sweep Start of Day Movement,FSWP,--,,$110.03,N,$0.76
12/21/2021,12/21/2021,12/21/2021,Sweep,,FDIC Sweep Start of Day Movement,FSWP,--,,($110.03),N,($109.27)
12/20/2021,12/20/2021,12/20/2021,Sweep,,Interest Payment,INT,--,,$0.03,N,$0.76
12/20/2021,12/20/2021,12/21/2021,Margin,NFLX,NFLX 2021-12-23 Call $630.00,BTO,1,$0.70,($70.00),N,$0.73
12/20/2021,12/20/2021,12/21/2021,Margin,ZS,ZS 2021-12-23 Call $310.00,BTO,1,$5.60,($560.00),N,$70.73
12/20/2021,12/20/2021,12/21/2021,Margin,NUE,NUE 2021-12-23 Call $121.00,STC,-8,$0.65,$519.97,N,$630.73
12/20/2021,12/20/2021,12/20/2021,Margin,,FDIC Sweep Start of Day Movement,FSWP,--,,"$1,360.00",N,$110.76
12/20/2021,12/20/2021,12/20/2021,Sweep,,FDIC Sweep Start of Day Movement,FSWP,--,,"($1,360.00)",N,"($1,249.24)"
12/17/2021,12/17/2021,12/20/2021,Margin,NUE,NUE 2021-12-23 Call $121.00,BTO,2,$1.70,($340.00),N,$110.76
12/17/2021,12/17/2021,12/20/2021,Margin,NUE,NUE 2021-12-23 Call $121.00,BTO,6,$1.70,"($1,020.00)",N,$450.76
12/17/2021,12/17/2021,12/17/2021,Sweep,,FDIC Sweep Start of Day Movement,FSWP,--,,"$1,470.76",N,"$1,470.76"
12/17/2021,12/17/2021,12/17/2021,Margin,,FDIC Sweep Start of Day Movement,FSWP,--,,"($1,470.76)",N,$0.00
12/16/2021,12/16/2021,12/17/2021,Margin,W,W 2021-12-17 Put $195.00,STC,-1,$7.00,$699.98,N,"$1,470.76"
12/16/2021,12/16/2021,12/17/2021,Margin,W,W 2021-12-17 Put $195.00,BTO,1,$2.80,($280.00),N,$770.78
12/16/2021,12/16/2021,12/16/2021,Margin,,FDIC Sweep Journal,FSWP,--,,$0.80,N,"$1,050.78"
12/16/2021,12/16/2021,12/16/2021,Sweep,,FDIC Sweep Journal,FSWP,--,,($0.80),N,"$1,049.98"
12/16/2021,12/16/2021,12/16/2021,Margin,,ACH Withdrawal,ACH,--,,($700.00),N,"$1,050.78"
12/16/2021,12/16/2021,12/17/2021,Margin,QCOM,QCOM 2021-12-17 Call $190.00,STC,-7,$2.50,"$1,749.98",N,"$1,750.78"
12/16/2021,12/16/2021,12/16/2021,Margin,,FDIC Sweep Start of Day Movement,FSWP,--,,$3.10,N,$0.80
12/16/2021,12/16/2021,12/16/2021,Sweep,,FDIC Sweep Start of Day Movement,FSWP,--,,($3.10),N,($2.30)
12/15/2021,12/15/2021,12/16/2021,Margin,QCOM,QCOM 2021-12-17 Call $190.00,BTO,7,$0.45,($315.00),N,$0.80
12/15/2021,12/15/2021,12/15/2021,Margin,,ACH Withdrawal,ACH,--,,($237.00),N,$315.80
12/15/2021,12/15/2021,12/16/2021,Margin,FB,FB 2021-12-17 Call $340.00,STC,-2,$2.75,$549.98,N,$552.80
12/15/2021,12/15/2021,12/16/2021,Margin,FB,FB 2021-12-17 Call $340.00,BTO,2,$1.40,($280.00),N,$2.82
12/15/2021,12/15/2021,12/15/2021,Margin,,ACH Deposit,ACH,--,,$20.00,N,$282.82
12/15/2021,12/15/2021,12/15/2021,Margin,,ACH Deposit,ACH,--,,$180.00,N,$262.82
12/15/2021,12/15/2021,12/16/2021,Margin,QCOM,QCOM 2021-12-17 Call $190.00,STC,-1,$0.25,$24.98,N,$82.82
12/15/2021,12/15/2021,12/16/2021,Margin,QCOM,QCOM 2021-12-17 Call $190.00,STC,-1,$0.25,$24.98,N,$57.84
12/15/2021,12/15/2021,12/16/2021,Margin,QCOM,QCOM 2021-12-17 Call $190.00,STC,-1,$0.25,$24.98,N,$32.86
12/15/2021,12/15/2021,12/16/2021,Margin,QCOM,QCOM 2021-12-17 Call $190.00,BTO,3,$0.57,($171.00),N,$7.88
12/15/2021,12/15/2021,12/15/2021,Margin,,ACH Deposit,ACH,--,,$5.00,N,$178.88
12/15/2021,12/15/2021,12/15/2021,Margin,,ACH Deposit,ACH,--,,$10.00,N,$173.88
12/15/2021,12/15/2021,12/16/2021,Margin,DASH,DASH 2021-12-17 Call $165.00,STC,-4,$0.40,$159.98,N,$163.88
12/15/2021,12/15/2021,12/15/2021,Sweep,,FDIC Sweep Start of Day Movement,FSWP,--,,$2.96,N,$3.90
12/15/2021,12/15/2021,12/15/2021,Margin,,FDIC Sweep Start of Day Movement,FSWP,--,,($2.96),N,$0.94
12/14/2021,12/14/2021,12/15/2021,Margin,DASH,DASH 2021-12-17 Call $165.00,BTO,4,$1.14,($456.00),N,$3.90
12/14/2021,12/14/2021,12/15/2021,Margin,W,W 2021-12-17 Put $195.00,STC,-1,$2.05,$204.98,N,$459.90
12/14/2021,12/14/2021,12/15/2021,Margin,AMZN,"AMZN 2021-12-17 Put $3,120.00",STC,-1,$2.54,$253.98,N,$254.92
12/14/2021,12/14/2021,12/14/2021,Margin,,FDIC Sweep Start of Day Movement,FSWP,--,,$195.02,N,$0.94
12/14/2021,12/14/2021,12/14/2021,Sweep,,FDIC Sweep Start of Day Movement,FSWP,--,,($195.02),N,($194.08)
12/13/2021,12/13/2021,12/14/2021,Margin,AMZN,"AMZN 2021-12-17 Put $3,120.00",BTO,1,$2.03,($203.00),N,$0.94
12/13/2021,12/13/2021,12/13/2021,Margin,,ACH Deposit,ACH,--,,$100.00,N,$203.94
12/13/2021,12/13/2021,12/14/2021,Margin,W,W 2021-12-17 Put $195.00,BTO,1,$3.77,($377.00),N,$103.94
12/13/2021,12/13/2021,12/14/2021,Margin,W,W 2021-12-17 Put $195.00,STC,-1,$2.85,$284.98,N,$480.94
12/13/2021,12/13/2021,12/13/2021,Sweep,,FDIC Sweep Start of Day Movement,FSWP,--,,$195.96,N,$195.96
12/13/2021,12/13/2021,12/13/2021,Margin,,FDIC Sweep Start of Day Movement,FSWP,--,,($195.96),N,$0.00
12/10/2021,12/10/2021,12/13/2021,Margin,W,W 2021-12-17 Put $195.00,BTO,1,$4.65,($465.00),N,$195.96
12/10/2021,12/10/2021,12/10/2021,Margin,,FDIC Sweep Journal,FSWP,--,,$25.98,N,$660.96
12/10/2021,12/10/2021,12/10/2021,Sweep,,FDIC Sweep Journal,FSWP,--,,($25.98),N,$634.98
12/10/2021,12/10/2021,12/10/2021,Margin,,ACH Withdrawal,ACH,--,,($155.00),N,$660.96
12/10/2021,12/10/2021,12/13/2021,Margin,W,W 2021-12-17 Put $205.00,STC,-1,$7.90,$789.98,N,$815.96
12/10/2021,12/10/2021,12/10/2021,Sweep,,FDIC Sweep Start of Day Movement,FSWP,--,,$25.94,N,$25.98
12/10/2021,12/10/2021,12/10/2021,Margin,,FDIC Sweep Start of Day Movement,FSWP,--,,($25.94),N,$0.04
12/09/2021,12/09/2021,12/10/2021,Margin,W,W 2021-12-17 Put $205.00,BTO,1,$2.60,($260.00),N,$25.98
12/09/2021,12/09/2021,12/09/2021,Margin,,ACH Deposit,ACH,--,,$160.00,N,$285.98
12/09/2021,12/09/2021,12/10/2021,Margin,AAPL,AAPL 2021-12-10 Call $177.50,STC,-1,$0.62,$61.98,N,$125.98
12/09/2021,12/09/2021,12/10/2021,Margin,AAPL,AAPL 2021-12-10 Call $177.50,STC,-1,$0.62,$61.98,N,$64.00
12/09/2021,12/09/2021,12/10/2021,Margin,AAPL,AAPL 2021-12-10 Call $177.50,BTO,2,$0.76,($152.00),N,$2.02
12/09/2021,12/09/2021,12/09/2021,Margin,,ACH Deposit,ACH,--,,$15.00,N,$154.02
12/09/2021,12/09/2021,12/09/2021,Margin,,ACH Deposit,ACH,--,,$10.00,N,$139.02
12/09/2021,12/09/2021,12/10/2021,Margin,RBLX,RBLX 2021-12-10 Call $127.00,STC,-3,$0.43,$128.98,N,$129.02
12/09/2021,12/09/2021,12/09/2021,Margin,,FDIC Sweep Start of Day Movement,FSWP,--,,$24.04,N,$0.04
12/09/2021,12/09/2021,12/09/2021,Sweep,,FDIC Sweep Start of Day Movement,FSWP,--,,($24.04),N,($24.00)
12/08/2021,12/08/2021,12/09/2021,Margin,RBLX,RBLX 2021-12-10 Call $127.00,BTO,2,$2.00,($400.00),N,$0.04
12/08/2021,12/08/2021,12/09/2021,Margin,RBLX,RBLX 2021-12-10 Call $127.00,BTO,1,$2.00,($200.00),N,$400.04
12/08/2021,12/08/2021,12/09/2021,Margin,RBLX,RBLX 2021-12-10 Call $126.00,STC,-3,$1.80,$539.98,N,$600.04
12/08/2021,12/08/2021,12/09/2021,Margin,RBLX,RBLX 2021-12-10 Call $126.00,BTO,2,$2.20,($440.00),N,$60.06
12/08/2021,12/08/2021,12/08/2021,Margin,,ACH Deposit,ACH,--,,$500.00,N,$500.06
12/08/2021,12/08/2021,12/09/2021,Margin,RBLX,RBLX 2021-12-10 Call $126.00,BTO,1,$2.24,($224.00),N,$0.06
12/08/2021,12/08/2021,12/08/2021,Margin,,ACH Deposit,ACH,--,,$10.00,N,$224.06
12/08/2021,12/08/2021,12/09/2021,Margin,AMZN,"AMZN 2021-12-10 Call $3,740.00",STC,-5,$0.38,$189.98,N,$214.06
12/08/2021,12/08/2021,12/08/2021,Margin,,FDIC Sweep Start of Day Movement,FSWP,--,,$180.03,N,$24.08
12/08/2021,12/08/2021,12/08/2021,Sweep,,FDIC Sweep Start of Day Movement,FSWP,--,,($180.03),N,($155.95)
12/07/2021,12/07/2021,12/08/2021,Margin,AMZN,"AMZN 2021-12-10 Call $3,740.00",BTO,5,$1.40,($700.00),N,$24.08
12/07/2021,12/07/2021,12/08/2021,Margin,W,W 2021-12-10 Put $205.00,STC,-8,$0.65,$519.97,N,$724.08
12/07/2021,12/07/2021,12/07/2021,Margin,,FDIC Sweep Journal,FSWP,--,,$5.00,N,$204.11
12/07/2021,12/07/2021,12/07/2021,Sweep,,FDIC Sweep Journal,FSWP,--,,($5.00),N,$199.11
12/07/2021,12/07/2021,12/07/2021,Margin,,Gold Fee,GOLD,--,,($5.00),N,$204.11
12/07/2021,12/07/2021,12/07/2021,Sweep,,FDIC Sweep Start of Day Movement,FSWP,--,,$137.94,N,$209.11
12/07/2021,12/07/2021,12/07/2021,Margin,,FDIC Sweep Start of Day Movement,FSWP,--,,($137.94),N,$71.17
12/06/2021,12/06/2021,12/07/2021,Margin,W,W 2021-12-10 Put $205.00,BTO,6,$2.10,"($1,260.00)",N,$209.11
12/06/2021,12/06/2021,12/07/2021,Margin,GOOGL,"GOOGL 2021-12-10 Call $2,910.00",STC,-1,$13.90,"$1,389.98",N,"$1,469.11"
12/06/2021,12/06/2021,12/07/2021,Margin,GOOGL,"GOOGL 2021-12-10 Call $2,910.00",BTO,1,$11.60,"($1,160.00)",N,$79.13
12/06/2021,12/06/2021,12/07/2021,Margin,W,W 2021-12-10 Put $205.00,BTO,2,$2.20,($440.00),N,"$1,239.13"
12/06/2021,12/06/2021,12/07/2021,Margin,ABBV,ABBV 2021-12-10 Call $121.00,STC,-7,$1.34,$937.98,N,"$1,679.13"
12/06/2021,12/06/2021,12/07/2021,Margin,ABBV,ABBV 2021-12-10 Call $121.00,STC,-5,$1.34,$669.98,N,$741.15
12/06/2021,12/06/2021,12/06/2021,Sweep,,FDIC Sweep Start of Day Movement,FSWP,--,,$59.96,N,$71.17
12/06/2021,12/06/2021,12/06/2021,Margin,,FDIC Sweep Start of Day Movement,FSWP,--,,($59.96),N,$11.21
12/03/2021,12/03/2021,12/06/2021,Margin,--,"Option Expiration for AMZN 2021-12-03 call $3,740.00",OEXP,7S,,--,N,$71.17
12/03/2021,12/03/2021,12/06/2021,Margin,ABBV,ABBV 2021-12-10 Call $121.00,BTO,12,$0.95,"($1,140.00)",N,$71.17
12/03/2021,12/03/2021,12/06/2021,Margin,AMZN,"AMZN 2021-12-10 Call $3,740.00",STC,-3,$2.40,$719.98,N,"$1,211.17"
12/03/2021,12/03/2021,12/06/2021,Margin,AMZN,"AMZN 2021-12-10 Call $3,740.00",STC,-2,$2.40,$479.98,N,$491.19
12/03/2021,12/03/2021,12/03/2021,Margin,,FDIC Sweep Start of Day Movement,FSWP,--,,$100.00,N,$11.21
12/03/2021,12/03/2021,12/03/2021,Sweep,,FDIC Sweep Start of Day Movement,FSWP,--,,($100.00),N,($88.79)
12/02/2021,12/02/2021,12/03/2021,Margin,AMZN,"AMZN 2021-12-10 Call $3,740.00",BTO,1,$4.20,($420.00),N,$11.21
12/02/2021,12/02/2021,12/02/2021,Margin,,ACH Deposit,ACH,--,,$100.00,N,$431.21
12/02/2021,12/02/2021,12/03/2021,Margin,AMZN,"AMZN 2021-12-10 Call $3,740.00",BTO,2,$4.20,($840.00),N,$331.21
12/02/2021,12/02/2021,12/03/2021,Margin,AMZN,"AMZN 2021-12-10 Call $3,740.00",BTO,2,$4.20,($840.00),N,"$1,171.21"
12/02/2021,12/02/2021,12/02/2021,Margin,,ACH Deposit,ACH,--,,"$1,900.00",N,"$2,011.21"
12/01/2021,12/01/2021,12/01/2021,Sweep,,FDIC Sweep Start of Day Movement,FSWP,--,,$80.98,N,$111.21
12/01/2021,12/01/2021,12/01/2021,Margin,,FDIC Sweep Start of Day Movement,FSWP,--,,($80.98),N,$30.23
11/30/2021,11/30/2021,11/30/2021,Sweep,,Interest Payment,INT,--,,$0.05,N,$111.21
11/30/2021,11/30/2021,12/01/2021,Margin,AMZN,"AMZN 2021-12-03 Call $3,740.00",BTO,7,$1.77,"($1,239.00)",N,$111.16
11/30/2021,11/30/2021,12/01/2021,Margin,AMZN,"AMZN 2021-12-03 Call $3,740.00",STC,-4,$3.30,"$1,319.98",N,"$1,350.16"
11/30/2021,11/30/2021,11/30/2021,Margin,,FDIC Sweep Start of Day Movement,FSWP,--,,"$1,730.00",N,$30.18
11/30/2021,11/30/2021,11/30/2021,Sweep,,FDIC Sweep Start of Day Movement,FSWP,--,,"($1,730.00)",N,"($1,699.82)"
11/29/2021,11/29/2021,11/30/2021,Margin,AMZN,"AMZN 2021-12-03 Call $3,740.00",BTO,2,$5.85,"($1,170.00)",N,$30.18
11/29/2021,11/29/2021,11/29/2021,Margin,,ACH Deposit,ACH,--,,"$1,200.00",N,"$1,200.18"
11/29/2021,11/29/2021,11/30/2021,Margin,AMZN,"AMZN 2021-12-03 Call $3,740.00",BTO,2,$9.80,"($1,960.00)",N,$0.18
11/29/2021,11/29/2021,11/29/2021,Margin,,ACH Deposit,ACH,--,,$200.00,N,"$1,960.18"
11/29/2021,11/29/2021,11/29/2021,Sweep,,FDIC Sweep Start of Day Movement,FSWP,--,,"$1,659.95",N,"$1,760.18"
11/29/2021,11/29/2021,11/29/2021,Margin,,FDIC Sweep Start of Day Movement,FSWP,--,,"($1,659.95)",N,$100.23
11/26/2021,11/26/2021,11/29/2021,Margin,AMZN,"AMZN 2021-12-03 Call $3,740.00",STC,-2,$8.80,"$1,759.98",N,"$1,760.18"
11/26/2021,11/26/2021,11/29/2021,Margin,AMZN,"AMZN 2021-12-03 Call $3,740.00",BTO,2,$11.50,"($2,300.00)",N,$0.20
11/26/2021,11/26/2021,11/29/2021,Margin,AMZN,"AMZN 2021-12-03 Call $3,740.00",STC,-2,$11.00,"$2,199.97",N,"$2,300.20"
11/26/2021,11/26/2021,11/26/2021,Margin,,FDIC Sweep Start of Day Movement,FSWP,--,,"$1,010.04",N,$100.23
11/26/2021,11/26/2021,11/26/2021,Sweep,,FDIC Sweep Start of Day Movement,FSWP,--,,"($1,010.04)",N,($909.81)
11/24/2021,11/24/2021,11/26/2021,Margin,AMZN,"AMZN 2021-12-03 Call $3,740.00",BTO,2,$17.60,"($3,520.00)",N,$100.23
11/24/2021,11/24/2021,11/24/2021,Margin,,ACH Deposit,ACH,--,,"$2,000.00",N,"$3,620.23"
11/24/2021,11/24/2021,11/26/2021,Margin,AMZN,"AMZN 2021-11-26 Call $3,635.00",STC,-1,$16.20,"$1,619.98",N,"$1,620.23"
11/24/2021,11/24/2021,11/26/2021,Margin,AMZN,"AMZN 2021-11-26 Call $3,635.00",BTO,1,$8.30,($830.00),N,$0.25
11/24/2021,11/24/2021,11/26/2021,Margin,AMZN,"AMZN 2021-11-26 Call $3,625.00",STC,-1,$8.20,$819.98,N,$830.25
11/24/2021,11/24/2021,11/26/2021,Margin,AMZN,"AMZN 2021-11-26 Call $3,625.00",BTO,1,$11.00,"($1,100.00)",N,$10.27
11/24/2021,11/24/2021,11/24/2021,Sweep,,FDIC Sweep Start of Day Movement,FSWP,--,,$949.85,N,"$1,110.27"
11/24/2021,11/24/2021,11/24/2021,Margin,,FDIC Sweep Start of Day Movement,FSWP,--,,($949.85),N,$160.42
11/23/2021,11/23/2021,11/23/2021,Sweep,,Interest Payment,INT,--,,$0.06,N,"$1,110.27"
11/23/2021,11/23/2021,11/24/2021,Margin,AMC,AMC 2021-11-26 Call $47.00,STC,-8,$0.19,$151.97,N,"$1,110.21"
11/23/2021,11/23/2021,11/24/2021,Margin,AMC,AMC 2021-11-26 Call $47.00,STC,-27,$0.19,$512.94,N,$958.24
11/23/2021,11/23/2021,11/24/2021,Margin,AMC,AMC 2021-11-26 Call $47.00,STC,-14,$0.19,$265.96,N,$445.30
11/23/2021,11/23/2021,11/24/2021,Margin,AMC,AMC 2021-11-26 Call $47.00,STC,-1,$0.19,$18.98,N,$179.34
11/23/2021,11/23/2021,11/23/2021,Margin,,FDIC Sweep Start of Day Movement,FSWP,--,,"$3,260.00",N,$160.36
11/23/2021,11/23/2021,11/23/2021,Sweep,,FDIC Sweep Start of Day Movement,FSWP,--,,"($3,260.00)",N,"($3,099.64)"
11/22/2021,11/22/2021,11/23/2021,Margin,AMC,AMC 2021-11-26 Call $47.00,BTO,5,$0.76,($380.00),N,$160.36
11/22/2021,11/22/2021,11/23/2021,Margin,AMC,AMC 2021-11-26 Call $47.00,BTO,1,$0.76,($76.00),N,$540.36
11/22/2021,11/22/2021,11/23/2021,Margin,AMC,AMC 2021-11-26 Call $47.00,BTO,9,$0.76,($684.00),N,$616.36
11/22/2021,11/22/2021,11/23/2021,Margin,AMC,AMC 2021-11-26 Call $47.00,BTO,5,$0.76,($380.00),N,"$1,300.36"
11/22/2021,11/22/2021,11/23/2021,Margin,AMC,AMC 2021-11-26 Call $47.00,BTO,30,$0.58,"($1,740.00)",N,"$1,680.36"
11/22/2021,11/22/2021,11/22/2021,Sweep,,FDIC Sweep Start of Day Movement,FSWP,--,,"$3,420.36",N,"$3,420.36"
11/22/2021,11/22/2021,11/22/2021,Margin,,FDIC Sweep Start of Day Movement,FSWP,--,,"($3,420.36)",N,$0.00
11/19/2021,11/19/2021,11/19/2021,Margin,,ACH Withdrawal,ACH,--,,"($2,000.00)",N,"$3,420.36"
11/19/2021,11/19/2021,11/19/2021,Margin,,FDIC Sweep Journal,FSWP,--,,$420.44,N,"$5,420.36"
11/19/2021,11/19/2021,11/19/2021,Sweep,,FDIC Sweep Journal,FSWP,--,,($420.44),N,"$4,999.92"
11/19/2021,11/19/2021,11/19/2021,Margin,,ACH Withdrawal,ACH,--,,"($4,000.00)",N,"$5,420.36"
11/19/2021,11/19/2021,11/22/2021,Margin,AMZN,"AMZN 2021-11-19 Call $3,700.00",STC,-2,$30.00,"$5,999.95",N,"$9,420.36"
11/19/2021,11/19/2021,11/22/2021,Margin,AMZN,"AMZN 2021-11-19 Call $3,700.00",STC,-1,$30.00,"$2,999.97",N,"$3,420.41"
11/19/2021,11/19/2021,11/19/2021,Margin,,FDIC Sweep Start of Day Movement,FSWP,--,,$130.00,N,$420.44
11/19/2021,11/19/2021,11/19/2021,Sweep,,FDIC Sweep Start of Day Movement,FSWP,--,,($130.00),N,$290.44
11/18/2021,11/18/2021,11/19/2021,Margin,AMZN,"AMZN 2021-11-19 Call $3,700.00",BTO,1,$3.80,($380.00),N,$420.44
11/18/2021,11/18/2021,11/19/2021,Margin,AMZN,"AMZN 2021-11-19 Call $3,700.00",BTO,1,$3.80,($380.00),N,$800.44
11/18/2021,11/18/2021,11/19/2021,Margin,AMZN,"AMZN 2021-11-19 Call $3,700.00",BTO,1,$3.70,($370.00),N,"$1,180.44"
11/18/2021,11/18/2021,11/18/2021,Margin,,ACH Deposit,ACH,--,,"$1,000.00",N,"$1,550.44"
11/18/2021,11/18/2021,11/18/2021,Sweep,,FDIC Sweep Start of Day Movement,FSWP,--,,$471.98,N,$550.44
11/18/2021,11/18/2021,11/18/2021,Margin,,FDIC Sweep Start of Day Movement,FSWP,--,,($471.98),N,$78.46
11/17/2021,11/17/2021,11/18/2021,Margin,AMZN,"AMZN 2021-11-19 Call $3,700.00",STC,-2,$2.36,$471.98,N,$550.44
11/17/2021,11/17/2021,11/17/2021,Margin,,FDIC Sweep Start of Day Movement,FSWP,--,,$110.02,N,$78.46
11/17/2021,11/17/2021,11/17/2021,Sweep,,FDIC Sweep Start of Day Movement,FSWP,--,,($110.02),N,($31.56)
11/16/2021,11/16/2021,11/17/2021,Margin,AMZN,"AMZN 2021-11-19 Call $3,700.00",BTO,2,$4.55,($910.00),N,$78.46
11/16/2021,11/16/2021,11/17/2021,Margin,AMZN,"AMZN 2021-11-19 Call $3,700.00",STC,-2,$4.00,$799.98,N,$988.46
11/15/2021,11/15/2021,11/15/2021,Margin,,FDIC Sweep Start of Day Movement,FSWP,--,,$20.00,N,$188.48
11/15/2021,11/15/2021,11/15/2021,Sweep,,FDIC Sweep Start of Day Movement,FSWP,--,,($20.00),N,$168.48
11/12/2021,11/12/2021,11/15/2021,Margin,--,Option Expiration for OSTK 2021-11-12 call $115.00,OEXP,1S,,--,N,$188.48
11/12/2021,11/12/2021,11/15/2021,Margin,AMZN,"AMZN 2021-11-19 Call $3,700.00",BTO,2,$6.60,"($1,320.00)",N,$188.48
11/12/2021,11/12/2021,11/12/2021,Margin,,ACH Deposit,ACH,--,,"$1,300.00",N,"$1,508.48"
11/12/2021,11/12/2021,11/12/2021,Sweep,,FDIC Sweep Start of Day Movement,FSWP,--,,$99.86,N,$208.48
11/12/2021,11/12/2021,11/12/2021,Margin,,FDIC Sweep Start of Day Movement,FSWP,--,,($99.86),N,$108.62
11/11/2021,11/11/2021,11/12/2021,Margin,DKNG,DKNG 2021-11-12 Put $39.00,STC,-11,$0.05,$54.97,N,$208.48
11/11/2021,11/11/2021,11/12/2021,Margin,DKNG,DKNG 2021-11-12 Put $39.00,STC,-10,$0.05,$49.97,N,$153.51
11/11/2021,11/11/2021,11/12/2021,Margin,DKNG,DKNG 2021-11-12 Put $39.00,STC,-11,$0.05,$54.97,N,$103.54
11/11/2021,11/11/2021,11/12/2021,Margin,DKNG,DKNG 2021-11-12 Put $39.00,STC,-8,$0.05,$39.97,N,$48.57
11/11/2021,11/11/2021,11/12/2021,Margin,DKNG,DKNG 2021-11-12 Put $39.00,BTO,9,$0.13,($117.00),N,$8.60
11/11/2021,11/11/2021,11/12/2021,Margin,DKNG,DKNG 2021-11-12 Put $39.00,BTO,1,$0.13,($13.00),N,$125.60
11/10/2021,11/10/2021,11/12/2021,Margin,DKNG,DKNG 2021-11-12 Put $39.00,BTO,30,$0.12,($360.00),N,$138.60
11/10/2021,11/10/2021,11/12/2021,Margin,SHOP,"SHOP 2021-11-12 Call $1,590.00",STC,-1,$3.90,$389.98,N,$498.60
11/10/2021,11/10/2021,11/10/2021,Sweep,,FDIC Sweep Start of Day Movement,FSWP,--,,$108.62,N,$108.62
11/10/2021,11/10/2021,11/10/2021,Margin,,FDIC Sweep Start of Day Movement,FSWP,--,,($108.62),N,$0.00
11/09/2021,11/09/2021,11/10/2021,Margin,SHOP,"SHOP 2021-11-12 Call $1,590.00",BTO,1,$9.82,($982.00),N,$108.62
11/09/2021,11/09/2021,11/10/2021,Margin,SHOP,"SHOP 2021-11-12 Call $1,580.00",STC,-1,$10.30,"$1,029.98",N,"$1,090.62"
11/09/2021,11/09/2021,11/10/2021,Margin,SHOP,"SHOP 2021-11-12 Call $1,580.00",BTO,1,$14.40,"($1,440.00)",N,$60.64
11/09/2021,11/09/2021,11/09/2021,Margin,,FDIC Sweep Journal,FSWP,--,,$617.71,N,"$1,500.64"
11/09/2021,11/09/2021,11/09/2021,Sweep,,FDIC Sweep Journal,FSWP,--,,($617.71),N,$882.93
11/09/2021,11/09/2021,11/09/2021,Margin,,ACH Withdrawal,ACH,--,,($897.00),N,"$1,500.64"
11/09/2021,11/09/2021,11/10/2021,Margin,FIVE,FIVE 2021-11-12 Call $215.00,STC,-1,$2.80,$279.98,N,"$2,397.64"
11/09/2021,11/09/2021,11/10/2021,Margin,DKNG,DKNG 2021-11-12 Call $46.00,STC,-20,$0.75,"$1,499.95",N,"$2,117.66"
11/09/2021,11/09/2021,11/09/2021,Sweep,,FDIC Sweep Start of Day Movement,FSWP,--,,$120.00,N,$617.71
11/09/2021,11/09/2021,11/09/2021,Margin,,FDIC Sweep Start of Day Movement,FSWP,--,,($120.00),N,$497.71
11/08/2021,11/08/2021,11/09/2021,Margin,DKNG,DKNG 2021-11-12 Call $46.00,BTO,1,$0.69,($69.00),N,$617.71
11/08/2021,11/08/2021,11/09/2021,Margin,DKNG,DKNG 2021-11-12 Call $46.00,BTO,1,$0.69,($69.00),N,$686.71
11/08/2021,11/08/2021,11/09/2021,Margin,DKNG,DKNG 2021-11-12 Call $46.00,BTO,7,$0.69,($483.00),N,$755.71
11/08/2021,11/08/2021,11/09/2021,Margin,DKNG,DKNG 2021-11-12 Call $46.00,BTO,10,$0.69,($690.00),N,"$1,238.71"
11/08/2021,11/08/2021,11/09/2021,Margin,DKNG,DKNG 2021-11-12 Call $46.00,BTO,1,$0.69,($69.00),N,"$1,928.71"
11/08/2021,11/08/2021,11/08/2021,Margin,,ACH Deposit,ACH,--,,"$1,500.00",N,"$1,997.71"
11/08/2021,11/08/2021,11/08/2021,Margin,,FDIC Sweep Journal,FSWP,--,,$5.00,N,$497.71
11/08/2021,11/08/2021,11/08/2021,Sweep,,FDIC Sweep Journal,FSWP,--,,($5.00),N,$492.71
11/08/2021,11/08/2021,11/08/2021,Margin,,Gold Fee,GOLD,--,,($5.00),N,$497.71
11/08/2021,11/08/2021,11/08/2021,Margin,,FDIC Sweep Start of Day Movement,FSWP,--,,$402.00,N,$502.71
11/08/2021,11/08/2021,11/08/2021,Sweep,,FDIC Sweep Start of Day Movement,FSWP,--,,($402.00),N,$100.71
11/05/2021,11/05/2021,11/08/2021,Margin,--,Option Expiration for DKNG 2021-11-05 call $55.00,OEXP,3S,,--,N,$502.71
11/05/2021,11/05/2021,11/08/2021,Margin,--,Option Expiration for DKNG 2021-11-05 call $60.00,OEXP,5S,,--,N,$502.71
11/05/2021,11/05/2021,11/08/2021,Margin,--,Option Expiration for TDOC 2021-11-05 call $160.00,OEXP,1S,,--,N,$502.71
11/05/2021,11/05/2021,11/08/2021,Margin,--,Option Expiration for DKNG 2021-11-05 call $64.00,OEXP,1S,,--,N,$502.71
11/05/2021,11/05/2021,11/08/2021,Margin,--,Option Expiration for DKNG 2021-11-05 call $48.00,OEXP,1S,,--,N,$502.71
11/05/2021,11/05/2021,11/08/2021,Margin,OSTK,OSTK 2021-11-12 Call $115.00,BTO,1,$0.95,($95.00),N,$502.71
11/05/2021,11/05/2021,11/08/2021,Margin,FIVE,FIVE 2021-11-12 Call $215.00,BTO,1,$2.09,($209.00),N,$597.71
11/05/2021,11/05/2021,11/08/2021,Margin,DKNG,DKNG 2022-01-21 Call $60.00,BTO,1,$0.98,($98.00),N,$806.71
11/05/2021,11/05/2021,11/05/2021,Sweep,,FDIC Sweep Start of Day Movement,FSWP,--,,$418.96,N,$904.71
11/05/2021,11/05/2021,11/05/2021,Margin,,FDIC Sweep Start of Day Movement,FSWP,--,,($418.96),N,$485.75
11/04/2021,11/04/2021,11/05/2021,Margin,DKNG,DKNG 2021-11-05 Call $60.00,BTO,1,$0.08,($8.00),N,$904.71
11/04/2021,11/04/2021,11/05/2021,Margin,DKNG,DKNG 2021-11-05 Call $60.00,BTO,1,$0.08,($8.00),N,$912.71
11/04/2021,11/04/2021,11/05/2021,Margin,DKNG,DKNG 2021-11-05 Call $60.00,BTO,1,$0.08,($8.00),N,$920.71
11/04/2021,11/04/2021,11/05/2021,Margin,DKNG,DKNG 2021-11-05 Call $60.00,BTO,2,$0.08,($16.00),N,$928.71
11/04/2021,11/04/2021,11/05/2021,Margin,DKNG,DKNG 2021-11-05 Call $55.00,BTO,3,$0.17,($51.00),N,$944.71
11/04/2021,11/04/2021,11/05/2021,Margin,DKNG,DKNG 2021-11-05 Call $48.00,BTO,1,$0.75,($75.00),N,$995.71
11/04/2021,11/04/2021,11/04/2021,Margin,,ACH Withdrawal,ACH,--,,($500.00),N,"$1,070.71"
11/04/2021,11/04/2021,11/05/2021,Margin,AMZN,"AMZN 2021-11-05 Call $3,530.00",STC,-1,$13.00,"$1,299.98",N,"$1,570.71"
11/04/2021,11/04/2021,11/05/2021,Margin,AMZN,"AMZN 2021-11-05 Call $3,530.00",BTO,1,$5.75,($575.00),N,$270.73
11/04/2021,11/04/2021,11/05/2021,Margin,FIVE,FIVE 2021-11-05 Call $205.00,STC,-1,$3.60,$359.98,N,$845.73
11/03/2021,11/03/2021,11/03/2021,Sweep,,FDIC Sweep Start of Day Movement,FSWP,--,,$479.98,N,$485.75
11/03/2021,11/03/2021,11/03/2021,Margin,,FDIC Sweep Start of Day Movement,FSWP,--,,($479.98),N,$5.77
11/02/2021,11/02/2021,11/03/2021,Margin,SHOP,"SHOP 2021-11-05 Call $1,610.00",STC,-1,$4.80,$479.98,N,$485.75
11/02/2021,11/02/2021,11/02/2021,Margin,,FDIC Sweep Start of Day Movement,FSWP,--,,$783.02,N,$5.77
11/02/2021,11/02/2021,11/02/2021,Sweep,,FDIC Sweep Start of Day Movement,FSWP,--,,($783.02),N,($777.25)
11/01/2021,11/01/2021,11/02/2021,Margin,SHOP,"SHOP 2021-11-05 Call $1,610.00",BTO,1,$4.10,($410.00),N,$5.77
11/01/2021,11/01/2021,11/02/2021,Margin,SHOP,"SHOP 2021-11-05 Call $1,600.00",STC,-1,$4.09,$408.98,N,$415.77
11/01/2021,11/01/2021,11/02/2021,Margin,SHOP,"SHOP 2021-11-05 Call $1,600.00",BTO,1,$6.10,($610.00),N,$6.79
11/01/2021,11/01/2021,11/02/2021,Margin,FIVE,FIVE 2021-11-05 Call $205.00,BTO,1,$1.00,($100.00),N,$616.79
11/01/2021,11/01/2021,11/02/2021,Margin,TDOC,TDOC 2021-11-05 Call $160.00,BTO,1,$0.72,($72.00),N,$716.79
11/01/2021,11/01/2021,11/01/2021,Margin,,FDIC Sweep Start of Day Movement,FSWP,--,,$2.00,N,$788.79
11/01/2021,11/01/2021,11/01/2021,Sweep,,FDIC Sweep Start of Day Movement,FSWP,--,,($2.00),N,$786.79
10/29/2021,10/29/2021,10/29/2021,Sweep,,Interest Payment,INT,--,,$0.06,N,$788.79
10/29/2021,10/29/2021,11/01/2021,Margin,DKNG,DKNG 2021-11-05 Call $64.00,BTO,1,$0.02,($2.00),N,$788.73
10/29/2021,10/29/2021,10/29/2021,Sweep,,FDIC Sweep Start of Day Movement,FSWP,--,,$749.98,N,$790.73
10/29/2021,10/29/2021,10/29/2021,Margin,,FDIC Sweep Start of Day Movement,FSWP,--,,($749.98),N,$40.75
10/28/2021,10/28/2021,10/29/2021,Margin,SPOT,SPOT 2021-10-29 Call $277.50,STC,-1,$7.50,$749.98,N,$790.73
10/28/2021,10/28/2021,10/28/2021,Margin,,FDIC Sweep Start of Day Movement,FSWP,--,,$140.00,N,$40.75
10/28/2021,10/28/2021,10/28/2021,Sweep,,FDIC Sweep Start of Day Movement,FSWP,--,,($140.00),N,($99.25)
10/27/2021,10/27/2021,10/28/2021,Margin,SPOT,SPOT 2021-10-29 Call $277.50,BTO,1,$1.40,($140.00),N,$40.75
10/25/2021,10/25/2021,10/25/2021,Sweep,,FDIC Sweep Start of Day Movement,FSWP,--,,$89.94,N,$180.75
10/25/2021,10/25/2021,10/25/2021,Margin,,FDIC Sweep Start of Day Movement,FSWP,--,,($89.94),N,$90.81
10/22/2021,10/22/2021,10/25/2021,Margin,--,Option Expiration for ISRG 2021-10-22 call $345.00,OEXP,1S,,--,N,$180.75
10/22/2021,10/22/2021,10/25/2021,Margin,NVDA,NVDA 2021-10-22 Call $230.00,STC,-6,$0.09,$53.98,N,$180.75
10/22/2021,10/22/2021,10/25/2021,Margin,NVDA,NVDA 2021-10-22 Call $230.00,STC,-2,$0.09,$17.98,N,$126.77
10/22/2021,10/22/2021,10/25/2021,Margin,NVDA,NVDA 2021-10-22 Call $230.00,STC,-2,$0.09,$17.98,N,$108.79
10/22/2021,10/22/2021,10/22/2021,Margin,,FDIC Sweep Start of Day Movement,FSWP,--,,$537.06,N,$90.81
10/22/2021,10/22/2021,10/22/2021,Sweep,,FDIC Sweep Start of Day Movement,FSWP,--,,($537.06),N,($446.25)
10/21/2021,10/21/2021,10/22/2021,Margin,NVDA,NVDA 2021-10-22 Call $230.00,BTO,1,$0.38,($38.00),N,$90.81
10/21/2021,10/21/2021,10/22/2021,Margin,NVDA,NVDA 2021-10-22 Call $230.00,BTO,9,$0.38,($342.00),N,$128.81
10/21/2021,10/21/2021,10/22/2021,Margin,FB,FB 2021-10-22 Call $347.50,STC,-2,$0.75,$149.98,N,$470.81
10/21/2021,10/21/2021,10/22/2021,Margin,FB,FB 2021-10-22 Call $347.50,STC,-2,$0.75,$149.98,N,$320.83
10/21/2021,10/21/2021,10/22/2021,Margin,FB,FB 2021-10-22 Call $347.50,STC,-2,$0.75,$149.98,N,$170.85
10/21/2021,10/21/2021,10/22/2021,Margin,FB,FB 2021-10-22 Call $347.50,BTO,4,$0.92,($368.00),N,$20.87
10/21/2021,10/21/2021,10/22/2021,Margin,FB,FB 2021-10-22 Call $347.50,BTO,2,$0.92,($184.00),N,$388.87
10/21/2021,10/21/2021,10/22/2021,Margin,ISRG,ISRG 2021-10-22 Call $345.00,BTO,1,$0.55,($55.00),N,$572.87
10/21/2021,10/21/2021,10/21/2021,Sweep,,FDIC Sweep Start of Day Movement,FSWP,--,,$169.98,N,$627.87
10/21/2021,10/21/2021,10/21/2021,Margin,,FDIC Sweep Start of Day Movement,FSWP,--,,($169.98),N,$457.89
10/20/2021,10/20/2021,10/21/2021,Margin,SPOT,SPOT 2021-10-22 Call $262.50,STC,-2,$0.85,$169.98,N,$627.87
10/20/2021,10/20/2021,10/20/2021,Sweep,,FDIC Sweep Start of Day Movement,FSWP,--,,$379.98,N,$457.89
10/20/2021,10/20/2021,10/20/2021,Margin,,FDIC Sweep Start of Day Movement,FSWP,--,,($379.98),N,$77.91
10/19/2021,10/19/2021,10/20/2021,Margin,SPOT,SPOT 2021-10-22 Call $262.50,BTO,2,$0.60,($120.00),N,$457.89
10/19/2021,10/19/2021,10/20/2021,Margin,DOCU,DOCU 2021-10-22 Call $272.50,STC,-1,$5.00,$499.98,N,$577.89
10/19/2021,10/19/2021,10/19/2021,Sweep,,FDIC Sweep Start of Day Movement,FSWP,--,,$73.98,N,$77.91
10/19/2021,10/19/2021,10/19/2021,Margin,,FDIC Sweep Start of Day Movement,FSWP,--,,($73.98),N,$3.93
10/18/2021,10/18/2021,10/19/2021,Margin,DOCU,DOCU 2021-10-22 Call $272.50,BTO,1,$2.66,($266.00),N,$77.91
10/18/2021,10/18/2021,10/19/2021,Margin,FB,FB 2021-10-22 Call $337.50,STC,-1,$3.40,$339.98,N,$343.91
10/18/2021,10/18/2021,10/18/2021,Margin,,FDIC Sweep Start of Day Movement,FSWP,--,,$129.00,N,$3.93
10/18/2021,10/18/2021,10/18/2021,Sweep,,FDIC Sweep Start of Day Movement,FSWP,--,,($129.00),N,($125.07)
10/15/2021,10/15/2021,10/18/2021,Margin,--,Option Expiration for SPOT 2021-10-15 call $250.00,OEXP,2S,,--,N,$3.93
10/15/2021,10/15/2021,10/18/2021,Margin,--,Option Expiration for SNAP 2021-10-15 call $79.00,OEXP,1S,,--,N,$3.93
10/15/2021,10/15/2021,10/18/2021,Margin,FB,FB 2021-10-22 Call $337.50,BTO,1,$1.29,($129.00),N,$3.93
10/15/2021,10/15/2021,10/15/2021,Margin,,FDIC Sweep Start of Day Movement,FSWP,--,,$24.00,N,$132.93
10/15/2021,10/15/2021,10/15/2021,Sweep,,FDIC Sweep Start of Day Movement,FSWP,--,,($24.00),N,$108.93
10/14/2021,10/14/2021,10/15/2021,Margin,SNAP,SNAP 2021-10-15 Call $79.00,BTO,1,$0.24,($24.00),N,$132.93
10/14/2021,10/14/2021,10/14/2021,Sweep,,FDIC Sweep Start of Day Movement,FSWP,--,,$146.98,N,$156.93
10/14/2021,10/14/2021,10/14/2021,Margin,,FDIC Sweep Start of Day Movement,FSWP,--,,($146.98),N,$9.95
10/13/2021,10/13/2021,10/14/2021,Margin,SNAP,SNAP 2021-10-15 Call $77.00,STC,-3,$0.49,$146.98,N,$156.93
10/13/2021,10/13/2021,10/13/2021,Margin,,FDIC Sweep Start of Day Movement,FSWP,--,,$246.00,N,$9.95
10/13/2021,10/13/2021,10/13/2021,Sweep,,FDIC Sweep Start of Day Movement,FSWP,--,,($246.00),N,($236.05)
10/12/2021,10/12/2021,10/13/2021,Margin,SNAP,SNAP 2021-10-15 Call $77.00,BTO,1,$0.82,($82.00),N,$9.95
10/12/2021,10/12/2021,10/13/2021,Margin,SNAP,SNAP 2021-10-15 Call $77.00,BTO,2,$0.82,($164.00),N,$91.95
10/12/2021,10/12/2021,10/12/2021,Margin,,FDIC Sweep Start of Day Movement,FSWP,--,,$92.00,N,$255.95
10/12/2021,10/12/2021,10/12/2021,Sweep,,FDIC Sweep Start of Day Movement,FSWP,--,,($92.00),N,$163.95
10/11/2021,10/11/2021,10/12/2021,Margin,SPOT,SPOT 2021-10-15 Call $250.00,BTO,2,$0.46,($92.00),N,$255.95
10/08/2021,10/08/2021,10/11/2021,Margin,--,Option Expiration for SPOT 2021-10-08 call $245.00,OEXP,1S,,--,N,$347.95
10/08/2021,10/08/2021,10/08/2021,Margin,,FDIC Sweep Journal,FSWP,--,,$5.00,N,$347.95
10/08/2021,10/08/2021,10/08/2021,Sweep,,FDIC Sweep Journal,FSWP,--,,($5.00),N,$342.95
10/08/2021,10/08/2021,10/08/2021,Margin,,Gold Fee,GOLD,--,,($5.00),N,$347.95
10/08/2021,10/08/2021,10/08/2021,Sweep,,FDIC Sweep Start of Day Movement,FSWP,--,,$279.98,N,$352.95
10/08/2021,10/08/2021,10/08/2021,Margin,,FDIC Sweep Start of Day Movement,FSWP,--,,($279.98),N,$72.97
10/07/2021,10/07/2021,10/08/2021,Margin,NFLX,NFLX 2021-10-08 Call $655.00,STC,-1,$2.80,$279.98,N,$352.95
10/07/2021,10/07/2021,10/07/2021,Margin,,FDIC Sweep Start of Day Movement,FSWP,--,,$249.00,N,$72.97
10/07/2021,10/07/2021,10/07/2021,Sweep,,FDIC Sweep Start of Day Movement,FSWP,--,,($249.00),N,($176.03)
10/06/2021,10/06/2021,10/07/2021,Margin,NFLX,NFLX 2021-10-08 Call $655.00,BTO,1,$2.07,($207.00),N,$72.97
10/06/2021,10/06/2021,10/07/2021,Margin,SPOT,SPOT 2021-10-08 Call $245.00,BTO,1,$0.42,($42.00),N,$279.97
09/30/2021,09/30/2021,09/30/2021,Sweep,,Interest Payment,INT,--,,$0.05,N,$321.97
09/17/2021,09/17/2021,09/17/2021,Sweep,,FDIC Sweep Start of Day Movement,FSWP,--,,$320.98,N,$321.92
09/17/2021,09/17/2021,09/17/2021,Margin,,FDIC Sweep Start of Day Movement,FSWP,--,,($320.98),N,$0.94
09/16/2021,09/16/2021,09/17/2021,Margin,PLTR,PLTR 2021-09-24 Call $28.00,STC,-3,$1.07,$320.98,N,$321.92
09/15/2021,09/15/2021,09/15/2021,Margin,,FDIC Sweep Start of Day Movement,FSWP,--,,$75.00,N,$0.94
09/15/2021,09/15/2021,09/15/2021,Sweep,,FDIC Sweep Start of Day Movement,FSWP,--,,($75.00),N,($74.06)
09/14/2021,09/14/2021,09/15/2021,Margin,PLTR,PLTR 2021-09-24 Call $28.00,BTO,2,$0.25,($50.00),N,$0.94
09/14/2021,09/14/2021,09/15/2021,Margin,PLTR,PLTR 2021-09-24 Call $28.00,BTO,1,$0.25,($25.00),N,$50.94
09/10/2021,09/10/2021,09/13/2021,Margin,--,Option Expiration for DIS 2021-09-10 call $187.50,OEXP,16S,,--,N,$75.94
09/08/2021,09/08/2021,09/08/2021,Margin,,FDIC Sweep Journal,FSWP,--,,$5.00,N,$75.94
09/08/2021,09/08/2021,09/08/2021,Sweep,,FDIC Sweep Journal,FSWP,--,,($5.00),N,$70.94
09/08/2021,09/08/2021,09/08/2021,Margin,,Gold Fee,GOLD,--,,($5.00),N,$75.94
09/08/2021,09/08/2021,09/08/2021,Margin,,FDIC Sweep Start of Day Movement,FSWP,--,,"$1,027.02",N,$80.94
09/08/2021,09/08/2021,09/08/2021,Sweep,,FDIC Sweep Start of Day Movement,FSWP,--,,"($1,027.02)",N,($946.08)
09/07/2021,09/07/2021,09/08/2021,Margin,DIS,DIS 2021-09-10 Call $187.50,BTO,8,$0.56,($448.00),N,$80.94
09/07/2021,09/07/2021,09/08/2021,Margin,DIS,DIS 2021-09-10 Call $187.50,BTO,8,$0.56,($448.00),N,$528.94
09/07/2021,09/07/2021,09/08/2021,Margin,SHOP,"SHOP 2021-09-10 Call $1,600.00",STC,-1,$8.10,$809.98,N,$976.94
09/07/2021,09/07/2021,09/08/2021,Margin,SHOP,"SHOP 2021-09-10 Call $1,600.00",BTO,1,$9.41,($941.00),N,$166.96
09/07/2021,09/07/2021,09/07/2021,Sweep,,FDIC Sweep Start of Day Movement,FSWP,--,,$902.98,N,"$1,107.96"
09/07/2021,09/07/2021,09/07/2021,Margin,,FDIC Sweep Start of Day Movement,FSWP,--,,($902.98),N,$204.98
09/03/2021,09/03/2021,09/07/2021,Margin,TSLA,TSLA 2021-09-03 Call $730.00,STC,-7,$1.29,$902.98,N,"$1,107.96"
08/31/2021,08/31/2021,08/31/2021,Sweep,,Interest Payment,INT,--,,$0.19,N,$204.98
08/30/2021,08/30/2021,08/30/2021,Margin,,FDIC Sweep Start of Day Movement,FSWP,--,,$67.00,N,$204.79
08/30/2021,08/30/2021,08/30/2021,Sweep,,FDIC Sweep Start of Day Movement,FSWP,--,,($67.00),N,$137.79
08/27/2021,08/27/2021,08/30/2021,Margin,--,Option Expiration for TSLA 2021-08-27 call $730.00,OEXP,4S,,--,N,$204.79
08/27/2021,08/27/2021,08/30/2021,Margin,--,Option Expiration for BMY 2021-08-27 call $70.00,OEXP,80S,,--,N,$204.79
08/27/2021,08/27/2021,08/30/2021,Margin,TSLA,TSLA 2021-09-03 Call $730.00,BTO,7,$5.81,"($4,067.00)",N,$204.79
08/27/2021,08/27/2021,08/27/2021,Margin,,ACH Deposit,ACH,--,,"$4,000.00",N,"$4,271.79"
08/25/2021,08/25/2021,08/25/2021,Sweep,,FDIC Sweep Start of Day Movement,FSWP,--,,$116.00,N,$271.79
08/25/2021,08/25/2021,08/25/2021,Margin,,FDIC Sweep Start of Day Movement,FSWP,--,,($116.00),N,$155.79
08/24/2021,08/24/2021,08/25/2021,Margin,TSLA,TSLA 2021-08-27 Call $730.00,BTO,4,$2.21,($884.00),N,$271.79
08/24/2021,08/24/2021,08/24/2021,Margin,,ACH Deposit,ACH,--,,"$1,000.00",N,"$1,155.79"
08/24/2021,08/24/2021,08/24/2021,Sweep,,FDIC Sweep Start of Day Movement,FSWP,--,,$100.00,N,$155.79
08/24/2021,08/24/2021,08/24/2021,Margin,,FDIC Sweep Start of Day Movement,FSWP,--,,($100.00),N,$55.79
08/23/2021,08/23/2021,08/24/2021,Margin,BMY,BMY 2021-08-27 Call $70.00,BTO,7,$0.44,($308.00),N,$155.79
08/23/2021,08/23/2021,08/24/2021,Margin,BMY,BMY 2021-08-27 Call $70.00,BTO,12,$0.44,($528.00),N,$463.79
08/23/2021,08/23/2021,08/24/2021,Margin,BMY,BMY 2021-08-27 Call $70.00,BTO,6,$0.44,($264.00),N,$991.79
08/23/2021,08/23/2021,08/23/2021,Margin,,ACH Deposit,ACH,--,,"$1,200.00",N,"$1,255.79"
08/23/2021,08/23/2021,08/23/2021,Margin,,FDIC Sweep Start of Day Movement,FSWP,--,,$35.00,N,$55.79
08/23/2021,08/23/2021,08/23/2021,Sweep,,FDIC Sweep Start of Day Movement,FSWP,--,,($35.00),N,$20.79
08/20/2021,08/20/2021,08/23/2021,Margin,--,Option Expiration for SNOW 2021-08-20 call $300.00,OEXP,20S,,--,N,$55.79
08/20/2021,08/20/2021,08/23/2021,Margin,--,Option Expiration for TSLA 2021-08-20 call $735.00,OEXP,4S,,--,N,$55.79
08/20/2021,08/20/2021,08/23/2021,Margin,--,Option Expiration for SNOW 2021-08-20 call $290.00,OEXP,10S,,--,N,$55.79
08/20/2021,08/20/2021,08/23/2021,Margin,BMY,BMY 2021-08-27 Call $70.00,BTO,54,$0.37,"($1,998.00)",N,$55.79
08/20/2021,08/20/2021,08/23/2021,Margin,BMY,BMY 2021-08-27 Call $70.00,BTO,1,$0.37,($37.00),N,"$2,053.79"
08/20/2021,08/20/2021,08/20/2021,Margin,,ACH Deposit,ACH,--,,"$2,000.00",N,"$2,090.79"
08/20/2021,08/20/2021,08/20/2021,Margin,,FDIC Sweep Start of Day Movement,FSWP,--,,$140.00,N,$90.79
08/20/2021,08/20/2021,08/20/2021,Sweep,,FDIC Sweep Start of Day Movement,FSWP,--,,($140.00),N,($49.21)
08/19/2021,08/19/2021,08/20/2021,Margin,SNOW,SNOW 2021-08-20 Call $290.00,BTO,5,$1.04,($520.00),N,$90.79
08/19/2021,08/19/2021,08/20/2021,Margin,SNOW,SNOW 2021-08-20 Call $290.00,BTO,5,$1.04,($520.00),N,$610.79
08/19/2021,08/19/2021,08/19/2021,Margin,,ACH Deposit,ACH,--,,$150.00,N,"$1,130.79"
08/19/2021,08/19/2021,08/19/2021,Margin,,ACH Deposit,ACH,--,,$750.00,N,$980.79
08/17/2021,08/17/2021,08/17/2021,Margin,,FDIC Sweep Start of Day Movement,FSWP,--,,$352.00,N,$230.79
08/17/2021,08/17/2021,08/17/2021,Sweep,,FDIC Sweep Start of Day Movement,FSWP,--,,($352.00),N,($121.21)
08/16/2021,08/16/2021,08/17/2021,Margin,SNOW,SNOW 2021-08-20 Call $300.00,BTO,5,$3.02,"($1,510.00)",N,$230.79
08/16/2021,08/16/2021,08/16/2021,Margin,,ACH Deposit,ACH,--,,"$1,500.00",N,"$1,740.79"
08/16/2021,08/16/2021,08/17/2021,Margin,SNOW,SNOW 2021-08-20 Call $300.00,BTO,3,$3.07,($921.00),N,$240.79
08/16/2021,08/16/2021,08/17/2021,Margin,SNOW,SNOW 2021-08-20 Call $300.00,BTO,3,$3.07,($921.00),N,"$1,161.79"
08/16/2021,08/16/2021,08/16/2021,Margin,,ACH Deposit,ACH,--,,"$1,500.00",N,"$2,082.79"
08/16/2021,08/16/2021,08/16/2021,Margin,,FDIC Sweep Start of Day Movement,FSWP,--,,$353.12,N,$582.79
08/16/2021,08/16/2021,08/16/2021,Sweep,,FDIC Sweep Start of Day Movement,FSWP,--,,($353.12),N,$229.67
08/13/2021,08/13/2021,08/16/2021,Margin,TSLA,TSLA 2021-08-20 Call $735.00,BTO,4,$7.25,"($2,900.00)",N,$582.79
08/13/2021,08/13/2021,08/16/2021,Margin,SNOW,SNOW 2021-08-20 Call $300.00,BTO,4,$3.17,"($1,268.00)",N,"$3,482.79"
08/13/2021,08/13/2021,08/16/2021,Margin,SNOW,SNOW 2021-08-20 Call $300.00,BTO,5,$3.17,"($1,585.00)",N,"$4,750.79"
08/13/2021,08/13/2021,08/16/2021,Margin,SNOW,SNOW 2021-08-13 Call $290.00,STC,-34,$1.50,"$5,099.90",N,"$6,335.79"
08/13/2021,08/13/2021,08/16/2021,Margin,SNOW,SNOW 2021-08-13 Call $290.00,STC,-2,$1.50,$299.98,N,"$1,235.89"
08/13/2021,08/13/2021,08/13/2021,Margin,,FDIC Sweep Start of Day Movement,FSWP,--,,"$1,250.00",N,$935.91
08/13/2021,08/13/2021,08/13/2021,Sweep,,FDIC Sweep Start of Day Movement,FSWP,--,,"($1,250.00)",N,($314.09)
08/12/2021,08/12/2021,08/13/2021,Margin,SNOW,SNOW 2021-08-13 Call $290.00,BTO,1,$1.25,($125.00),N,$935.91
08/12/2021,08/12/2021,08/13/2021,Margin,SNOW,SNOW 2021-08-13 Call $290.00,BTO,9,$1.25,"($1,125.00)",N,"$1,060.91"
08/10/2021,08/10/2021,08/10/2021,Sweep,,FDIC Sweep Start of Day Movement,FSWP,--,,$896.00,N,"$2,185.91"
08/10/2021,08/10/2021,08/10/2021,Margin,,FDIC Sweep Start of Day Movement,FSWP,--,,($896.00),N,"$1,289.91"
08/09/2021,08/09/2021,08/10/2021,Margin,SNOW,SNOW 2021-08-13 Call $290.00,BTO,1,$3.74,($374.00),N,"$2,185.91"
08/09/2021,08/09/2021,08/10/2021,Margin,SNOW,SNOW 2021-08-13 Call $290.00,BTO,5,$3.46,"($1,730.00)",N,"$2,559.91"
08/09/2021,08/09/2021,08/09/2021,Margin,,ACH Deposit,ACH,--,,"$3,000.00",N,"$4,289.91"
08/09/2021,08/09/2021,08/09/2021,Margin,,FDIC Sweep Journal,FSWP,--,,$5.00,N,"$1,289.91"
08/09/2021,08/09/2021,08/09/2021,Sweep,,FDIC Sweep Journal,FSWP,--,,($5.00),N,"$1,284.91"
08/09/2021,08/09/2021,08/09/2021,Margin,,Gold Fee,GOLD,--,,($5.00),N,"$1,289.91"
08/09/2021,08/09/2021,08/09/2021,Sweep,,FDIC Sweep Start of Day Movement,FSWP,--,,$263.98,N,"$1,294.91"
08/09/2021,08/09/2021,08/09/2021,Margin,,FDIC Sweep Start of Day Movement,FSWP,--,,($263.98),N,"$1,030.93"
08/06/2021,08/06/2021,08/09/2021,Margin,--,Option Expiration for BMY 2021-08-06 call $70.00,OEXP,100S,,--,N,"$1,294.91"
08/06/2021,08/06/2021,08/09/2021,Margin,--,Option Expiration for TSLA 2021-08-06 call $715.00,OEXP,3S,,--,N,"$1,294.91"
08/06/2021,08/06/2021,08/09/2021,Margin,SNOW,SNOW 2021-08-13 Call $290.00,BTO,20,$2.07,"($4,140.00)",N,"$1,294.91"
08/06/2021,08/06/2021,08/06/2021,Margin,,ACH Deposit,ACH,--,,"$4,000.00",N,"$5,434.91"
08/06/2021,08/06/2021,08/09/2021,Margin,TSLA,TSLA 2021-08-06 Call $700.00,STC,-4,$1.01,$403.98,N,"$1,434.91"
08/06/2021,08/06/2021,08/06/2021,Margin,,FDIC Sweep Start of Day Movement,FSWP,--,,"$1,650.00",N,"$1,030.93"
08/06/2021,08/06/2021,08/06/2021,Sweep,,FDIC Sweep Start of Day Movement,FSWP,--,,"($1,650.00)",N,($619.07)
08/05/2021,08/05/2021,08/06/2021,Margin,TSLA,TSLA 2021-08-06 Call $715.00,BTO,2,$8.25,"($1,650.00)",N,"$1,030.93"
08/03/2021,08/03/2021,08/03/2021,Sweep,,FDIC Sweep Start of Day Movement,FSWP,--,,"$1,994.00",N,"$2,680.93"
08/03/2021,08/03/2021,08/03/2021,Margin,,FDIC Sweep Start of Day Movement,FSWP,--,,"($1,994.00)",N,$686.93
08/02/2021,08/02/2021,08/03/2021,Margin,TSLA,TSLA 2021-08-06 Call $715.00,BTO,1,$10.06,"($1,006.00)",N,"$2,680.93"
08/02/2021,08/02/2021,08/02/2021,Margin,,ACH Deposit,ACH,--,,"$3,000.00",N,"$3,686.93"
08/02/2021,08/02/2021,08/02/2021,Sweep,,FDIC Sweep Start of Day Movement,FSWP,--,,$280.00,N,$686.93
08/02/2021,08/02/2021,08/02/2021,Margin,,FDIC Sweep Start of Day Movement,FSWP,--,,($280.00),N,$406.93
07/30/2021,07/30/2021,08/02/2021,Margin,--,Option Expiration for BMY 2021-07-30 call $69.00,OEXP,100S,,--,N,$686.93
07/30/2021,07/30/2021,07/30/2021,Sweep,,Interest Payment,INT,--,,$0.49,N,$686.93
07/30/2021,07/30/2021,08/02/2021,Margin,TSLA,TSLA 2021-08-06 Call $700.00,BTO,3,$10.55,"($3,165.00)",N,$686.44
07/30/2021,07/30/2021,08/02/2021,Margin,TSLA,TSLA 2021-08-06 Call $700.00,BTO,1,$10.55,"($1,055.00)",N,"$3,851.44"
07/30/2021,07/30/2021,07/30/2021,Margin,,ACH Deposit,ACH,--,,"$4,500.00",N,"$4,906.44"
07/26/2021,07/26/2021,07/26/2021,Margin,,FDIC Sweep Start of Day Movement,FSWP,--,,"$1,350.00",N,$406.44
07/26/2021,07/26/2021,07/26/2021,Sweep,,FDIC Sweep Start of Day Movement,FSWP,--,,"($1,350.00)",N,($943.56)
07/23/2021,07/23/2021,07/26/2021,Margin,--,Option Expiration for BMY 2021-07-23 call $70.00,OEXP,100S,,--,N,$406.44
07/23/2021,07/23/2021,07/26/2021,Margin,BMY,BMY 2021-08-06 Call $70.00,BTO,25,$0.55,"($1,375.00)",N,$406.44
07/23/2021,07/23/2021,07/26/2021,Margin,BMY,BMY 2021-08-06 Call $70.00,BTO,25,$0.55,"($1,375.00)",N,"$1,781.44"
07/23/2021,07/23/2021,07/23/2021,Margin,,ACH Deposit,ACH,--,,"$2,800.00",N,"$3,156.44"
07/23/2021,07/23/2021,07/23/2021,Margin,,ACH Deposit,ACH,--,,"$1,000.00",N,$356.44
07/23/2021,07/23/2021,07/26/2021,Margin,BMY,BMY 2021-08-06 Call $70.00,BTO,50,$0.48,"($2,400.00)",N,($643.56)
07/16/2021,07/16/2021,07/19/2021,Margin,--,Option Expiration for TSM 2021-07-16 call $124.00,OEXP,2S,,--,N,"$1,756.44"
07/13/2021,07/13/2021,07/13/2021,Margin,,FDIC Sweep Start of Day Movement,FSWP,--,,$230.00,N,"$1,756.44"
07/13/2021,07/13/2021,07/13/2021,Sweep,,FDIC Sweep Start of Day Movement,FSWP,--,,($230.00),N,"$1,526.44"
07/12/2021,07/12/2021,07/13/2021,Margin,TSM,TSM 2021-07-16 Call $124.00,BTO,2,$1.15,($230.00),N,"$1,756.44"
07/12/2021,07/12/2021,07/12/2021,Margin,,FDIC Sweep Journal,FSWP,--,,$5.00,N,"$1,986.44"
07/12/2021,07/12/2021,07/12/2021,Sweep,,FDIC Sweep Journal,FSWP,--,,($5.00),N,"$1,981.44"
07/12/2021,07/12/2021,07/12/2021,Margin,,Gold Fee,GOLD,--,,($5.00),N,"$1,986.44"
07/12/2021,07/12/2021,07/12/2021,Margin,,FDIC Sweep Start of Day Movement,FSWP,--,,"$1,700.00",N,"$1,991.44"
07/12/2021,07/12/2021,07/12/2021,Sweep,,FDIC Sweep Start of Day Movement,FSWP,--,,"($1,700.00)",N,$291.44
07/09/2021,07/09/2021,07/12/2021,Margin,--,Option Expiration for AMC 2021-07-09 call $70.00,OEXP,2S,,--,N,"$1,991.44"
07/09/2021,07/09/2021,07/12/2021,Margin,--,Option Expiration for SNAP 2021-07-09 call $70.00,OEXP,60S,,--,N,"$1,991.44"
07/09/2021,07/09/2021,07/12/2021,Margin,BMY,BMY 2021-07-23 Call $70.00,BTO,50,$0.17,($850.00),N,"$1,991.44"
07/09/2021,07/09/2021,07/12/2021,Margin,BMY,BMY 2021-07-23 Call $70.00,BTO,50,$0.17,($850.00),N,"$2,841.44"
07/08/2021,07/08/2021,07/08/2021,Margin,,FDIC Sweep Start of Day Movement,FSWP,--,,"$5,935.00",N,"$3,691.44"
07/08/2021,07/08/2021,07/08/2021,Sweep,,FDIC Sweep Start of Day Movement,FSWP,--,,"($5,935.00)",N,"($2,243.56)"
07/07/2021,07/07/2021,07/08/2021,Margin,BMY,BMY 2021-07-30 Call $69.00,BTO,59,$0.59,"($3,481.00)",N,"$3,691.44"
07/07/2021,07/07/2021,07/08/2021,Margin,BMY,BMY 2021-07-30 Call $69.00,BTO,6,$0.59,($354.00),N,"$7,172.44"
07/07/2021,07/07/2021,07/08/2021,Margin,BMY,BMY 2021-07-30 Call $69.00,BTO,5,$0.60,($300.00),N,"$7,526.44"
07/07/2021,07/07/2021,07/08/2021,Margin,BMY,BMY 2021-07-30 Call $69.00,BTO,1,$0.60,($60.00),N,"$7,826.44"
07/07/2021,07/07/2021,07/08/2021,Margin,BMY,BMY 2021-07-30 Call $69.00,BTO,1,$0.60,($60.00),N,"$7,886.44"
07/07/2021,07/07/2021,07/08/2021,Margin,BMY,BMY 2021-07-30 Call $69.00,BTO,1,$0.60,($60.00),N,"$7,946.44"
07/07/2021,07/07/2021,07/08/2021,Margin,BMY,BMY 2021-07-30 Call $69.00,BTO,5,$0.60,($300.00),N,"$8,006.44"
07/07/2021,07/07/2021,07/08/2021,Margin,BMY,BMY 2021-07-30 Call $69.00,BTO,22,$0.60,"($1,320.00)",N,"$8,306.44"
07/07/2021,07/07/2021,07/07/2021,Sweep,,FDIC Sweep Start of Day Movement,FSWP,--,,"$9,626.44",N,"$9,626.44"
07/07/2021,07/07/2021,07/07/2021,Margin,,FDIC Sweep Start of Day Movement,FSWP,--,,"($9,626.44)",N,$0.00
07/06/2021,07/06/2021,07/07/2021,Margin,SNAP,SNAP 2021-07-09 Call $70.00,BTO,10,$0.95,($950.00),N,"$9,626.44"
07/06/2021,07/06/2021,07/07/2021,Margin,SNAP,SNAP 2021-07-09 Call $70.00,BTO,9,$0.95,($855.00),N,"$10,576.44"
07/06/2021,07/06/2021,07/07/2021,Margin,SNAP,SNAP 2021-07-09 Call $70.00,BTO,1,$0.95,($95.00),N,"$11,431.44"
07/06/2021,07/06/2021,07/06/2021,Margin,,FDIC Sweep Journal,FSWP,--,,"$2,206.64",N,"$11,526.44"
07/06/2021,07/06/2021,07/06/2021,Sweep,,FDIC Sweep Journal,FSWP,--,,"($2,206.64)",N,"$9,319.80"
07/06/2021,07/06/2021,07/06/2021,Margin,,ACH Withdrawal,ACH,--,,"($22,000.00)",N,"$11,526.44"
07/06/2021,07/06/2021,07/07/2021,Margin,SNAP,SNAP 2021-07-09 Call $70.00,BTO,11,$1.16,"($1,276.00)",N,"$33,526.44"
07/06/2021,07/06/2021,07/07/2021,Margin,SNAP,SNAP 2021-07-09 Call $70.00,BTO,13,$1.16,"($1,508.00)",N,"$34,802.44"
07/06/2021,07/06/2021,07/07/2021,Margin,SNAP,SNAP 2021-07-09 Call $70.00,BTO,12,$1.16,"($1,392.00)",N,"$36,310.44"
07/06/2021,07/06/2021,07/07/2021,Margin,SNAP,SNAP 2021-07-09 Call $70.00,BTO,4,$1.16,($464.00),N,"$37,702.44"
07/06/2021,07/06/2021,07/07/2021,Margin,AMZN,"AMZN 2021-07-09 Call $3,550.00",STC,-4,$89.90,"$35,959.80",N,"$38,166.44"
07/06/2021,07/06/2021,07/06/2021,Sweep,,FDIC Sweep Start of Day Movement,FSWP,--,,$220.00,N,"$2,206.64"
07/06/2021,07/06/2021,07/06/2021,Margin,,FDIC Sweep Start of Day Movement,FSWP,--,,($220.00),N,"$1,986.64"
07/02/2021,07/02/2021,07/06/2021,Margin,--,Option Expiration for BMY 2021-07-02 call $68.00,OEXP,100S,,--,N,"$2,206.64"
07/02/2021,07/02/2021,07/06/2021,Margin,AMZN,"AMZN 2021-07-09 Call $3,550.00",BTO,4,$15.70,"($6,280.00)",N,"$2,206.64"
07/02/2021,07/02/2021,07/02/2021,Margin,,ACH Deposit,ACH,--,,"$6,500.00",N,"$8,486.64"
06/30/2021,06/30/2021,06/30/2021,Sweep,,Interest Payment,INT,--,,$0.41,N,"$1,986.64"
06/30/2021,06/30/2021,06/30/2021,Margin,,FDIC Sweep Start of Day Movement,FSWP,--,,$738.00,N,"$1,986.23"
06/30/2021,06/30/2021,06/30/2021,Sweep,,FDIC Sweep Start of Day Movement,FSWP,--,,($738.00),N,"$1,248.23"
06/29/2021,06/29/2021,06/30/2021,Margin,AMC,AMC 2021-07-09 Call $70.00,BTO,1,$3.69,($369.00),N,"$1,986.23"
06/29/2021,06/29/2021,06/30/2021,Margin,AMC,AMC 2021-07-09 Call $70.00,BTO,1,$3.69,($369.00),N,"$2,355.23"
06/28/2021,06/28/2021,06/28/2021,Sweep,,FDIC Sweep Start of Day Movement,FSWP,--,,"$2,331.83",N,"$2,724.23"
06/28/2021,06/28/2021,06/28/2021,Margin,,FDIC Sweep Start of Day Movement,FSWP,--,,"($2,331.83)",N,$392.40
06/25/2021,06/25/2021,06/28/2021,Margin,--,"Option Expiration for AMZN 2021-06-25 call $3,550.00",OEXP,4S,,--,N,"$2,724.23"
06/25/2021,06/25/2021,06/28/2021,Margin,BMY,BMY 2021-07-02 Call $68.00,BTO,10,$0.21,($210.00),N,"$2,724.23"
06/25/2021,06/25/2021,06/28/2021,Margin,BMY,BMY 2021-07-02 Call $68.00,BTO,8,$0.20,($160.00),N,"$2,934.23"
06/25/2021,06/25/2021,06/28/2021,Margin,BMY,BMY 2021-07-02 Call $68.00,BTO,14,$0.20,($280.00),N,"$3,094.23"
06/25/2021,06/25/2021,06/28/2021,Margin,BMY,BMY 2021-07-02 Call $68.00,BTO,18,$0.21,($378.00),N,"$3,374.23"
06/25/2021,06/25/2021,06/28/2021,Margin,SNAP,SNAP 2021-06-25 Call $67.00,STC,-24,$0.56,"$1,343.94",N,"$3,752.23"
06/25/2021,06/25/2021,06/28/2021,Margin,SNAP,SNAP 2021-06-25 Call $67.00,STC,-1,$0.56,$55.98,N,"$2,408.29"
06/25/2021,06/25/2021,06/28/2021,Margin,SNAP,SNAP 2021-06-25 Call $67.00,STC,-31,$0.56,"$1,735.93",N,"$2,352.31"
06/25/2021,06/25/2021,06/28/2021,Margin,SNAP,SNAP 2021-06-25 Call $67.00,STC,-4,$0.56,$223.98,N,$616.38
06/24/2021,06/24/2021,06/24/2021,Sweep,,FDIC Sweep Start of Day Movement,FSWP,--,,$152.00,N,$392.40
06/24/2021,06/24/2021,06/24/2021,Margin,,FDIC Sweep Start of Day Movement,FSWP,--,,($152.00),N,$240.40
06/23/2021,06/23/2021,06/24/2021,Margin,SNAP,SNAP 2021-06-25 Call $67.00,BTO,1,$0.68,($68.00),N,$392.40
06/23/2021,06/23/2021,06/24/2021,Margin,SNAP,SNAP 2021-06-25 Call $67.00,BTO,5,$0.68,($340.00),N,$460.40
06/23/2021,06/23/2021,06/24/2021,Margin,SNAP,SNAP 2021-06-25 Call $67.00,BTO,10,$0.60,($600.00),N,$800.40
06/23/2021,06/23/2021,06/24/2021,Margin,SNAP,SNAP 2021-06-25 Call $67.00,BTO,4,$0.60,($240.00),N,"$1,400.40"
06/23/2021,06/23/2021,06/23/2021,Margin,,ACH Deposit,ACH,--,,"$1,400.00",N,"$1,640.40"
06/22/2021,06/22/2021,06/22/2021,Margin,,FDIC Sweep Start of Day Movement,FSWP,--,,"$1,960.00",N,$240.40
06/22/2021,06/22/2021,06/22/2021,Sweep,,FDIC Sweep Start of Day Movement,FSWP,--,,"($1,960.00)",N,"($1,719.60)"
06/21/2021,06/21/2021,06/22/2021,Margin,SNAP,SNAP 2021-06-25 Call $67.00,BTO,1,$0.49,($49.00),N,$240.40
06/21/2021,06/21/2021,06/22/2021,Margin,SNAP,SNAP 2021-06-25 Call $67.00,BTO,6,$0.49,($294.00),N,$289.40
06/21/2021,06/21/2021,06/22/2021,Margin,SNAP,SNAP 2021-06-25 Call $67.00,BTO,33,$0.49,"($1,617.00)",N,$583.40
06/18/2021,06/18/2021,06/21/2021,Margin,--,Option Expiration for BMY 2021-06-18 call $68.00,OEXP,100S,,--,N,"$2,200.40"
06/18/2021,06/18/2021,06/21/2021,Margin,--,Option Expiration for BMY 2021-06-18 call $67.50,OEXP,60S,,--,N,"$2,200.40"
06/18/2021,06/18/2021,06/18/2021,Sweep,,FDIC Sweep Start of Day Movement,FSWP,--,,"$2,084.73",N,"$2,200.40"
06/18/2021,06/18/2021,06/18/2021,Margin,,FDIC Sweep Start of Day Movement,FSWP,--,,"($2,084.73)",N,$115.67
06/17/2021,06/17/2021,06/17/2021,Margin,,ACH Withdrawal,ACH,--,,"($39,811.00)",N,"$2,200.40"
06/17/2021,06/17/2021,06/18/2021,Margin,AMZN,"AMZN 2021-06-25 Call $3,550.00",BTO,4,$20.36,"($8,144.00)",N,"$42,011.40"
06/17/2021,06/17/2021,06/18/2021,Margin,AMZN,"AMZN 2021-06-25 Call $3,430.00",STC,-6,$83.40,"$50,039.73",N,"$50,155.40"
06/15/2021,06/15/2021,06/16/2021,Margin,BMY,BMY 2021-06-18 Call $68.00,BTO,100,$0.22,"($2,200.00)",N,$115.67
06/15/2021,06/15/2021,06/15/2021,Margin,,ACH Deposit,ACH,--,,"$2,200.00",N,"$2,315.67"
06/11/2021,06/11/2021,06/11/2021,Margin,,FDIC Sweep Start of Day Movement,FSWP,--,,"$3,250.00",N,$115.67
06/11/2021,06/11/2021,06/11/2021,Sweep,,FDIC Sweep Start of Day Movement,FSWP,--,,"($3,250.00)",N,"($3,134.33)"
06/10/2021,06/10/2021,06/11/2021,Margin,BMY,BMY 2021-07-02 Call $68.00,BTO,25,$0.65,"($1,625.00)",N,$115.67
06/10/2021,06/10/2021,06/11/2021,Margin,BMY,BMY 2021-07-02 Call $68.00,BTO,25,$0.65,"($1,625.00)",N,"$1,740.67"
06/10/2021,06/10/2021,06/10/2021,Margin,,FDIC Sweep Journal,FSWP,--,,$5.00,N,"$3,365.67"
06/10/2021,06/10/2021,06/10/2021,Sweep,,FDIC Sweep Journal,FSWP,--,,($5.00),N,"$3,360.67"
06/10/2021,06/10/2021,06/10/2021,Margin,,Gold Fee,GOLD,--,,($5.00),N,"$3,365.67"
06/09/2021,06/09/2021,06/09/2021,Margin,,FDIC Sweep Start of Day Movement,FSWP,--,,"$6,780.00",N,"$3,370.67"
06/09/2021,06/09/2021,06/09/2021,Sweep,,FDIC Sweep Start of Day Movement,FSWP,--,,"($6,780.00)",N,"($3,409.33)"
06/08/2021,06/08/2021,06/09/2021,Margin,AMZN,"AMZN 2021-06-25 Call $3,430.00",BTO,6,$11.30,"($6,780.00)",N,"$3,370.67"
06/07/2021,06/07/2021,06/07/2021,Sweep,,FDIC Sweep Start of Day Movement,FSWP,--,,"$9,839.39",N,"$10,150.67"
06/07/2021,06/07/2021,06/07/2021,Margin,,FDIC Sweep Start of Day Movement,FSWP,--,,"($9,839.39)",N,$311.28
06/04/2021,06/04/2021,06/04/2021,Margin,,ACH Withdrawal,ACH,--,,"($14,000.00)",N,"$10,150.67"
06/04/2021,06/04/2021,06/07/2021,Margin,IBM,IBM 2021-06-04 Call $146.00,STC,-46,$1.49,"$6,853.87",N,"$24,150.67"
06/04/2021,06/04/2021,06/07/2021,Margin,IBM,IBM 2021-06-04 Call $146.00,STC,-2,$1.49,$297.98,N,"$17,296.80"
06/04/2021,06/04/2021,06/07/2021,Margin,IBM,IBM 2021-06-04 Call $146.00,STC,-35,$1.49,"$5,214.90",N,"$16,998.82"
06/04/2021,06/04/2021,06/07/2021,Margin,IBM,IBM 2021-06-04 Call $146.00,STC,-2,$1.49,$297.98,N,"$11,783.92"
06/04/2021,06/04/2021,06/07/2021,Margin,IBM,IBM 2021-06-04 Call $146.00,STC,-1,$1.49,$148.98,N,"$11,485.94"
06/04/2021,06/04/2021,06/07/2021,Margin,IBM,IBM 2021-06-04 Call $146.00,STC,-2,$1.49,$297.98,N,"$11,336.96"
06/04/2021,06/04/2021,06/07/2021,Margin,IBM,IBM 2021-06-04 Call $146.00,STC,-1,$1.49,$148.98,N,"$11,038.98"
06/04/2021,06/04/2021,06/07/2021,Margin,IBM,IBM 2021-06-04 Call $146.00,STC,-7,$1.49,"$1,042.98",N,"$10,890.00"
06/04/2021,06/04/2021,06/07/2021,Margin,IBM,IBM 2021-06-04 Call $146.00,STC,-1,$1.49,$148.98,N,"$9,847.02"
06/04/2021,06/04/2021,06/07/2021,Margin,IBM,IBM 2021-06-04 Call $146.00,STC,-7,$1.49,"$1,042.98",N,"$9,698.04"
06/04/2021,06/04/2021,06/07/2021,Margin,IBM,IBM 2021-06-04 Call $146.00,STC,-10,$1.49,"$1,489.97",N,"$8,655.06"
06/04/2021,06/04/2021,06/07/2021,Margin,IBM,IBM 2021-06-04 Call $146.00,STC,-16,$1.49,"$2,383.95",N,"$7,165.09"
06/04/2021,06/04/2021,06/07/2021,Margin,IBM,IBM 2021-06-04 Call $146.00,STC,-3,$1.49,$446.98,N,"$4,781.14"
06/04/2021,06/04/2021,06/07/2021,Margin,IBM,IBM 2021-06-04 Call $146.00,STC,-7,$1.49,"$1,042.98",N,"$4,334.16"
06/04/2021,06/04/2021,06/07/2021,Margin,IBM,IBM 2021-06-04 Call $146.00,STC,-18,$1.49,"$2,681.94",N,"$3,291.18"
06/04/2021,06/04/2021,06/07/2021,Margin,IBM,IBM 2021-06-04 Call $146.00,STC,-1,$1.49,$148.98,N,$609.24
06/04/2021,06/04/2021,06/07/2021,Margin,IBM,IBM 2021-06-04 Call $146.00,STC,-1,$1.49,$148.98,N,$460.26
06/02/2021,06/02/2021,06/02/2021,Margin,,FDIC Sweep Start of Day Movement,FSWP,--,,"$4,960.00",N,$311.28
06/02/2021,06/02/2021,06/02/2021,Sweep,,FDIC Sweep Start of Day Movement,FSWP,--,,"($4,960.00)",N,"($4,648.72)"
06/01/2021,06/01/2021,06/02/2021,Margin,IBM,IBM 2021-06-04 Call $146.00,BTO,13,$0.31,($403.00),N,$311.28
06/01/2021,06/01/2021,06/02/2021,Margin,IBM,IBM 2021-06-04 Call $146.00,BTO,12,$0.31,($372.00),N,$714.28
06/01/2021,06/01/2021,06/02/2021,Margin,IBM,IBM 2021-06-04 Call $146.00,BTO,7,$0.31,($217.00),N,"$1,086.28"
06/01/2021,06/01/2021,06/02/2021,Margin,IBM,IBM 2021-06-04 Call $146.00,BTO,11,$0.31,($341.00),N,"$1,303.28"
06/01/2021,06/01/2021,06/02/2021,Margin,IBM,IBM 2021-06-04 Call $146.00,BTO,6,$0.31,($186.00),N,"$1,644.28"
06/01/2021,06/01/2021,06/02/2021,Margin,IBM,IBM 2021-06-04 Call $146.00,BTO,10,$0.31,($310.00),N,"$1,830.28"
06/01/2021,06/01/2021,06/02/2021,Margin,IBM,IBM 2021-06-04 Call $146.00,BTO,5,$0.31,($155.00),N,"$2,140.28"
06/01/2021,06/01/2021,06/02/2021,Margin,IBM,IBM 2021-06-04 Call $146.00,BTO,6,$0.31,($186.00),N,"$2,295.28"
06/01/2021,06/01/2021,06/02/2021,Margin,IBM,IBM 2021-06-04 Call $146.00,BTO,12,$0.31,($372.00),N,"$2,481.28"
06/01/2021,06/01/2021,06/02/2021,Margin,IBM,IBM 2021-06-04 Call $146.00,BTO,1,$0.31,($31.00),N,"$2,853.28"
06/01/2021,06/01/2021,06/02/2021,Margin,IBM,IBM 2021-06-04 Call $146.00,BTO,5,$0.31,($155.00),N,"$2,884.28"
06/01/2021,06/01/2021,06/02/2021,Margin,IBM,IBM 2021-06-04 Call $146.00,BTO,2,$0.31,($62.00),N,"$3,039.28"
06/01/2021,06/01/2021,06/02/2021,Margin,IBM,IBM 2021-06-04 Call $146.00,BTO,4,$0.31,($124.00),N,"$3,101.28"
06/01/2021,06/01/2021,06/02/2021,Margin,IBM,IBM 2021-06-04 Call $146.00,BTO,1,$0.31,($31.00),N,"$3,225.28"
06/01/2021,06/01/2021,06/02/2021,Margin,IBM,IBM 2021-06-04 Call $146.00,BTO,6,$0.31,($186.00),N,"$3,256.28"
06/01/2021,06/01/2021,06/02/2021,Margin,IBM,IBM 2021-06-04 Call $146.00,BTO,1,$0.31,($31.00),N,"$3,442.28"
06/01/2021,06/01/2021,06/02/2021,Margin,IBM,IBM 2021-06-04 Call $146.00,BTO,5,$0.31,($155.00),N,"$3,473.28"
06/01/2021,06/01/2021,06/02/2021,Margin,IBM,IBM 2021-06-04 Call $146.00,BTO,1,$0.31,($31.00),N,"$3,628.28"
06/01/2021,06/01/2021,06/02/2021,Margin,IBM,IBM 2021-06-04 Call $146.00,BTO,1,$0.31,($31.00),N,"$3,659.28"
06/01/2021,06/01/2021,06/02/2021,Margin,IBM,IBM 2021-06-04 Call $146.00,BTO,12,$0.31,($372.00),N,"$3,690.28"
06/01/2021,06/01/2021,06/02/2021,Margin,IBM,IBM 2021-06-04 Call $146.00,BTO,2,$0.31,($62.00),N,"$4,062.28"
06/01/2021,06/01/2021,06/02/2021,Margin,IBM,IBM 2021-06-04 Call $146.00,BTO,9,$0.31,($279.00),N,"$4,124.28"
06/01/2021,06/01/2021,06/02/2021,Margin,IBM,IBM 2021-06-04 Call $146.00,BTO,1,$0.31,($31.00),N,"$4,403.28"
06/01/2021,06/01/2021,06/02/2021,Margin,IBM,IBM 2021-06-04 Call $146.00,BTO,3,$0.31,($93.00),N,"$4,434.28"
06/01/2021,06/01/2021,06/02/2021,Margin,IBM,IBM 2021-06-04 Call $146.00,BTO,7,$0.31,($217.00),N,"$4,527.28"
06/01/2021,06/01/2021,06/02/2021,Margin,IBM,IBM 2021-06-04 Call $146.00,BTO,5,$0.31,($155.00),N,"$4,744.28"
06/01/2021,06/01/2021,06/02/2021,Margin,IBM,IBM 2021-06-04 Call $146.00,BTO,1,$0.31,($31.00),N,"$4,899.28"
06/01/2021,06/01/2021,06/02/2021,Margin,IBM,IBM 2021-06-04 Call $146.00,BTO,1,$0.31,($31.00),N,"$4,930.28"
06/01/2021,06/01/2021,06/02/2021,Margin,IBM,IBM 2021-06-04 Call $146.00,BTO,1,$0.31,($31.00),N,"$4,961.28"
06/01/2021,06/01/2021,06/02/2021,Margin,IBM,IBM 2021-06-04 Call $146.00,BTO,5,$0.31,($155.00),N,"$4,992.28"
06/01/2021,06/01/2021,06/02/2021,Margin,IBM,IBM 2021-06-04 Call $146.00,BTO,4,$0.31,($124.00),N,"$5,147.28"
05/28/2021,05/28/2021,06/01/2021,Margin,--,Option Expiration for BMY 2021-05-28 call $68.00,OEXP,40S,,--,N,"$5,271.28"
05/28/2021,05/28/2021,05/28/2021,Sweep,,Interest Payment,INT,--,,$0.19,N,"$5,271.28"
05/28/2021,05/28/2021,05/28/2021,Sweep,,FDIC Sweep Start of Day Movement,FSWP,--,,"$5,000.00",N,"$5,271.09"
05/28/2021,05/28/2021,05/28/2021,Margin,,FDIC Sweep Start of Day Movement,FSWP,--,,"($5,000.00)",N,$271.09
05/27/2021,05/27/2021,05/27/2021,Margin,,ACH Deposit,ACH,--,,"$5,000.00",N,"$5,271.09"
05/11/2021,05/11/2021,05/11/2021,Margin,,FDIC Sweep Journal,FSWP,--,,$5.00,N,$271.09
05/11/2021,05/11/2021,05/11/2021,Sweep,,FDIC Sweep Journal,FSWP,--,,($5.00),N,$266.09
05/11/2021,05/11/2021,05/11/2021,Margin,,Gold Fee,GOLD,--,,($5.00),N,$271.09
05/10/2021,05/10/2021,05/10/2021,Sweep,,FDIC Sweep Start of Day Movement,FSWP,--,,$220.00,N,$276.09
05/10/2021,05/10/2021,05/10/2021,Margin,,FDIC Sweep Start of Day Movement,FSWP,--,,($220.00),N,$56.09
05/07/2021,05/07/2021,05/10/2021,Margin,BMY,BMY 2021-06-18 Call $67.50,BTO,24,$0.63,"($1,512.00)",N,$276.09
05/07/2021,05/07/2021,05/10/2021,Margin,BMY,BMY 2021-06-18 Call $67.50,BTO,1,$0.63,($63.00),N,"$1,788.09"
05/07/2021,05/07/2021,05/10/2021,Margin,BMY,BMY 2021-06-18 Call $67.50,BTO,15,$0.63,($945.00),N,"$1,851.09"
05/07/2021,05/07/2021,05/10/2021,Margin,BMY,BMY 2021-06-18 Call $67.50,BTO,18,$0.63,"($1,134.00)",N,"$2,796.09"
05/07/2021,05/07/2021,05/10/2021,Margin,BMY,BMY 2021-06-18 Call $67.50,BTO,2,$0.63,($126.00),N,"$3,930.09"
05/07/2021,05/07/2021,05/07/2021,Margin,,ACH Deposit,ACH,--,,"$4,000.00",N,"$4,056.09"
04/30/2021,04/30/2021,04/30/2021,Sweep,,Interest Payment,INT,--,,$0.15,N,$56.09
04/21/2021,04/21/2021,04/21/2021,Margin,,FDIC Sweep Start of Day Movement,FSWP,--,,$100.00,N,$55.94
04/21/2021,04/21/2021,04/21/2021,Sweep,,FDIC Sweep Start of Day Movement,FSWP,--,,($100.00),N,($44.06)
04/20/2021,04/20/2021,04/21/2021,Margin,BMY,BMY 2021-05-28 Call $68.00,BTO,20,$1.05,"($2,100.00)",N,$55.94
04/20/2021,04/20/2021,04/21/2021,Margin,BMY,BMY 2021-05-28 Call $68.00,BTO,20,$1.05,"($2,100.00)",N,"$2,155.94"
04/20/2021,04/20/2021,04/20/2021,Margin,,ACH Deposit,ACH,--,,"$4,100.00",N,"$4,255.94"
04/16/2021,04/16/2021,04/19/2021,Margin,--,Option Expiration for NFLX 2021-04-16 call $560.00,OEXP,8S,,--,N,$155.94
04/12/2021,04/12/2021,04/12/2021,Margin,,FDIC Sweep Journal,FSWP,--,,$5.00,N,$155.94
04/12/2021,04/12/2021,04/12/2021,Sweep,,FDIC Sweep Journal,FSWP,--,,($5.00),N,$150.94
04/12/2021,04/12/2021,04/12/2021,Margin,,Gold Fee,GOLD,--,,($5.00),N,$155.94
04/12/2021,04/12/2021,04/12/2021,Margin,,FDIC Sweep Start of Day Movement,FSWP,--,,"$1,924.12",N,$160.94
04/12/2021,04/12/2021,04/12/2021,Sweep,,FDIC Sweep Start of Day Movement,FSWP,--,,"($1,924.12)",N,"($1,763.18)"
04/09/2021,04/09/2021,04/12/2021,Margin,NFLX,NFLX 2021-04-09 Call $560.00,STC,-2,$0.01,$1.98,N,$160.94
04/09/2021,04/09/2021,04/12/2021,Margin,NFLX,NFLX 2021-04-09 Call $560.00,STC,-5,$0.01,$4.98,N,$158.96
04/09/2021,04/09/2021,04/12/2021,Margin,NFLX,NFLX 2021-04-09 Call $560.00,STC,-2,$0.01,$1.98,N,$153.98
04/09/2021,04/09/2021,04/12/2021,Margin,NFLX,NFLX 2021-04-09 Call $560.00,STC,-3,$0.01,$2.98,N,$152.00
04/09/2021,04/09/2021,04/12/2021,Margin,NFLX,NFLX 2021-04-09 Call $560.00,STC,-6,$0.01,$5.98,N,$149.02
04/09/2021,04/09/2021,04/12/2021,Margin,NFLX,NFLX 2021-04-09 Call $560.00,STC,-2,$0.01,$1.98,N,$143.04
04/09/2021,04/09/2021,04/12/2021,Margin,NFLX,NFLX 2021-04-16 Call $560.00,BTO,2,$5.82,"($1,164.00)",N,$141.06
04/09/2021,04/09/2021,04/09/2021,Margin,,ACH Deposit,ACH,--,,"$1,200.00",N,"$1,305.06"
04/09/2021,04/09/2021,04/09/2021,Margin,,ACH Deposit,ACH,--,,"$1,800.00",N,$105.06
04/09/2021,04/09/2021,04/12/2021,Margin,NFLX,NFLX 2021-04-16 Call $560.00,BTO,5,$6.30,"($3,150.00)",N,"($1,694.94)"
04/09/2021,04/09/2021,04/12/2021,Margin,NFLX,NFLX 2021-04-16 Call $560.00,BTO,1,$6.30,($630.00),N,"$1,455.06"
04/06/2021,04/06/2021,04/06/2021,Margin,,FDIC Sweep Start of Day Movement,FSWP,--,,"$3,000.00",N,"$2,085.06"
04/06/2021,04/06/2021,04/06/2021,Sweep,,FDIC Sweep Start of Day Movement,FSWP,--,,"($3,000.00)",N,($914.94)
04/05/2021,04/05/2021,04/06/2021,Margin,NFLX,NFLX 2021-04-09 Call $560.00,BTO,20,$1.50,"($3,000.00)",N,"$2,085.06"
04/05/2021,04/05/2021,04/05/2021,Sweep,,FDIC Sweep Start of Day Movement,FSWP,--,,"$5,085.06",N,"$5,085.06"
04/05/2021,04/05/2021,04/05/2021,Margin,,FDIC Sweep Start of Day Movement,FSWP,--,,"($5,085.06)",N,$0.00
04/01/2021,04/01/2021,04/05/2021,Margin,FB,FB 2021-04-01 Call $300.00,STC,-22,$2.80,"$6,159.92",N,"$5,085.06"
04/01/2021,04/01/2021,04/05/2021,Margin,FB,FB 2021-04-01 Call $300.00,STC,-5,$2.80,"$1,399.98",N,"($1,074.86)"
04/01/2021,04/01/2021,04/05/2021,Margin,FB,FB 2021-04-01 Call $300.00,STC,-2,$2.87,$573.98,N,"($2,474.84)"
04/01/2021,04/01/2021,04/05/2021,Margin,FB,FB 2021-04-01 Call $300.00,STC,-1,$2.87,$286.98,N,"($3,048.82)"
04/01/2021,04/01/2021,04/01/2021,Margin,,FDIC Sweep Journal,FSWP,--,,$964.20,N,"($3,335.80)"
04/01/2021,04/01/2021,04/01/2021,Sweep,,FDIC Sweep Journal,FSWP,--,,($964.20),N,"($4,300.00)"
04/01/2021,04/01/2021,04/01/2021,Margin,,ACH Withdrawal,ACH,--,,"($4,300.00)",N,"($3,335.80)"
03/31/2021,03/31/2021,03/31/2021,Sweep,,Interest Payment,INT,--,,$0.30,N,$964.20
03/30/2021,03/30/2021,03/30/2021,Sweep,,FDIC Sweep Start of Day Movement,FSWP,--,,$620.00,N,$963.90
03/30/2021,03/30/2021,03/30/2021,Margin,,FDIC Sweep Start of Day Movement,FSWP,--,,($620.00),N,$343.90
03/29/2021,03/29/2021,03/30/2021,Margin,FB,FB 2021-04-01 Call $300.00,BTO,10,$1.38,"($1,380.00)",N,$963.90
03/29/2021,03/29/2021,03/29/2021,Margin,,ACH Deposit,ACH,--,,"$2,000.00",N,"$2,343.90"
03/29/2021,03/29/2021,03/29/2021,Sweep,,FDIC Sweep Start of Day Movement,FSWP,--,,$100.00,N,$343.90
03/29/2021,03/29/2021,03/29/2021,Margin,,FDIC Sweep Start of Day Movement,FSWP,--,,($100.00),N,$243.90
03/26/2021,03/26/2021,03/29/2021,Margin,--,Option Expiration for W 2021-03-26 call $360.00,OEXP,8S,,--,N,$343.90
03/26/2021,03/26/2021,03/29/2021,Margin,FB,FB 2021-04-01 Call $300.00,BTO,20,$0.55,"($1,100.00)",N,$343.90
03/26/2021,03/26/2021,03/26/2021,Margin,,ACH Deposit,ACH,--,,"$1,200.00",N,"$1,443.90"
03/22/2021,03/22/2021,03/22/2021,Margin,,FDIC Sweep Start of Day Movement,FSWP,--,,"$1,200.00",N,$243.90
03/22/2021,03/22/2021,03/22/2021,Sweep,,FDIC Sweep Start of Day Movement,FSWP,--,,"($1,200.00)",N,($956.10)
03/19/2021,03/19/2021,03/22/2021,Margin,--,Option Expiration for W 2021-03-19 call $350.00,OEXP,20S,,--,N,$243.90
03/19/2021,03/19/2021,03/22/2021,Margin,W,W 2021-03-26 Call $360.00,BTO,8,$4.50,"($3,600.00)",N,$243.90
03/19/2021,03/19/2021,03/19/2021,Margin,,ACH Deposit,ACH,--,,"$2,400.00",N,"$3,843.90"
03/19/2021,03/19/2021,03/19/2021,Margin,,FDIC Sweep Start of Day Movement,FSWP,--,,$650.00,N,"$1,443.90"
03/19/2021,03/19/2021,03/19/2021,Sweep,,FDIC Sweep Start of Day Movement,FSWP,--,,($650.00),N,$793.90
03/18/2021,03/18/2021,03/19/2021,Margin,W,W 2021-03-19 Call $350.00,BTO,2,$1.30,($260.00),N,"$1,443.90"
03/18/2021,03/18/2021,03/19/2021,Margin,W,W 2021-03-19 Call $350.00,BTO,3,$1.30,($390.00),N,"$1,703.90"
03/16/2021,03/16/2021,03/16/2021,Margin,,FDIC Sweep Start of Day Movement,FSWP,--,,"$3,000.00",N,"$2,093.90"
03/16/2021,03/16/2021,03/16/2021,Sweep,,FDIC Sweep Start of Day Movement,FSWP,--,,"($3,000.00)",N,($906.10)
03/15/2021,03/15/2021,03/16/2021,Margin,W,W 2021-03-19 Call $350.00,BTO,15,$2.00,"($3,000.00)",N,"$2,093.90"
03/15/2021,03/15/2021,03/15/2021,Sweep,,FDIC Sweep Start of Day Movement,FSWP,--,,"$5,093.90",N,"$5,093.90"
03/15/2021,03/15/2021,03/15/2021,Margin,,FDIC Sweep Start of Day Movement,FSWP,--,,"($5,093.90)",N,$0.00
03/12/2021,03/12/2021,03/12/2021,Margin,,FDIC Sweep Journal,FSWP,--,,$94.00,N,"$5,093.90"
03/12/2021,03/12/2021,03/12/2021,Sweep,,FDIC Sweep Journal,FSWP,--,,($94.00),N,"$4,999.90"
03/12/2021,03/12/2021,03/12/2021,Margin,,ACH Withdrawal,ACH,--,,"($4,000.00)",N,"$5,093.90"
03/12/2021,03/12/2021,03/15/2021,Margin,CI,CI 2021-03-12 Call $235.00,STC,-17,$5.00,"$8,499.92",N,"$9,093.90"
03/12/2021,03/12/2021,03/15/2021,Margin,CI,CI 2021-03-12 Call $235.00,STC,-1,$5.00,$499.98,N,$593.98
03/12/2021,03/12/2021,03/12/2021,Margin,,FDIC Sweep Journal,FSWP,--,,$5.00,N,$94.00
03/12/2021,03/12/2021,03/12/2021,Sweep,,FDIC Sweep Journal,FSWP,--,,($5.00),N,$89.00
03/12/2021,03/12/2021,03/12/2021,Margin,,Gold Fee,GOLD,--,,($5.00),N,$94.00
03/08/2021,03/08/2021,03/08/2021,Margin,,FDIC Sweep Start of Day Movement,FSWP,--,,"$1,915.02",N,$99.00
03/08/2021,03/08/2021,03/08/2021,Sweep,,FDIC Sweep Start of Day Movement,FSWP,--,,"($1,915.02)",N,"($1,816.02)"
03/05/2021,03/05/2021,03/08/2021,Margin,--,Option Expiration for W 2021-03-05 call $350.00,OEXP,10S,,--,N,$99.00
03/05/2021,03/05/2021,03/08/2021,Margin,CI,CI 2021-03-05 Call $232.50,STC,-5,$0.01,$4.98,N,$99.00
03/05/2021,03/05/2021,03/08/2021,Margin,CI,CI 2021-03-12 Call $235.00,BTO,18,$1.90,"($3,420.00)",N,$94.02
03/05/2021,03/05/2021,03/05/2021,Margin,,ACH Deposit,ACH,--,,"$1,500.00",N,"$3,514.02"
03/05/2021,03/05/2021,03/05/2021,Margin,,FDIC Sweep Start of Day Movement,FSWP,--,,$325.00,N,"$2,014.02"
03/05/2021,03/05/2021,03/05/2021,Sweep,,FDIC Sweep Start of Day Movement,FSWP,--,,($325.00),N,"$1,689.02"
03/04/2021,03/04/2021,03/05/2021,Margin,CI,CI 2021-03-05 Call $232.50,BTO,5,$0.65,($325.00),N,"$2,014.02"
03/03/2021,03/03/2021,03/03/2021,Margin,,FDIC Sweep Start of Day Movement,FSWP,--,,"$1,200.00",N,"$2,339.02"
03/03/2021,03/03/2021,03/03/2021,Sweep,,FDIC Sweep Start of Day Movement,FSWP,--,,"($1,200.00)",N,"$1,139.02"
03/02/2021,03/02/2021,03/03/2021,Margin,W,W 2021-03-05 Call $350.00,BTO,6,$2.00,"($1,200.00)",N,"$2,339.02"
03/02/2021,03/02/2021,03/02/2021,Margin,,FDIC Sweep Start of Day Movement,FSWP,--,,$160.09,N,"$3,539.02"
03/02/2021,03/02/2021,03/02/2021,Sweep,,FDIC Sweep Start of Day Movement,FSWP,--,,($160.09),N,"$3,378.93"
03/01/2021,03/01/2021,03/01/2021,Margin,,ACH Withdrawal,ACH,--,,"($10,000.00)",N,"$3,539.02"
03/01/2021,03/01/2021,03/02/2021,Margin,W,W 2021-03-05 Call $350.00,BTO,4,$5.10,"($2,040.00)",N,"$13,539.02"
03/01/2021,03/01/2021,03/02/2021,Margin,W,W 2021-03-05 Call $310.00,STC,-6,$25.50,"$15,299.91",N,"$15,579.02"
03/01/2021,03/01/2021,03/02/2021,Margin,W,W 2021-03-05 Call $310.00,BTO,6,$5.70,"($3,420.00)",N,$279.11
02/26/2021,02/26/2021,03/01/2021,Margin,--,Option Expiration for VMW 2021-02-26 call $155.00,OEXP,1S,,--,N,"$3,699.11"
02/26/2021,02/26/2021,02/26/2021,Sweep,,Interest Payment,INT,--,,$0.73,N,"$3,699.11"
02/26/2021,02/26/2021,02/26/2021,Margin,,FDIC Sweep Start of Day Movement,FSWP,--,,$110.00,N,"$3,698.38"
02/26/2021,02/26/2021,02/26/2021,Sweep,,FDIC Sweep Start of Day Movement,FSWP,--,,($110.00),N,"$3,588.38"
02/25/2021,02/25/2021,02/26/2021,Margin,VMW,VMW 2021-02-26 Call $155.00,BTO,1,$1.10,($110.00),N,"$3,698.38"
02/19/2021,02/19/2021,02/22/2021,Margin,--,"Option Expiration for AMZN 2021-02-19 call $3,400.00",OEXP,3S,,--,N,"$3,808.38"
02/18/2021,02/18/2021,02/18/2021,Margin,,FDIC Sweep Start of Day Movement,FSWP,--,,"$1,316.00",N,"$3,808.38"
02/18/2021,02/18/2021,02/18/2021,Sweep,,FDIC Sweep Start of Day Movement,FSWP,--,,"($1,316.00)",N,"$2,492.38"
02/17/2021,02/17/2021,02/18/2021,Margin,AMZN,"AMZN 2021-02-19 Call $3,400.00",BTO,1,$4.56,($456.00),N,"$3,808.38"
02/17/2021,02/17/2021,02/18/2021,Margin,AMZN,"AMZN 2021-02-19 Call $3,400.00",BTO,1,$4.56,($456.00),N,"$4,264.38"
02/17/2021,02/17/2021,02/18/2021,Margin,AMZN,"AMZN 2021-02-19 Call $3,400.00",BTO,1,$4.04,($404.00),N,"$4,720.38"
02/16/2021,02/16/2021,02/16/2021,Sweep,,FDIC Sweep Start of Day Movement,FSWP,--,,"$1,199.96",N,"$5,124.38"
02/16/2021,02/16/2021,02/16/2021,Margin,,FDIC Sweep Start of Day Movement,FSWP,--,,"($1,199.96)",N,"$3,924.42"
02/12/2021,02/12/2021,02/16/2021,Margin,ZM,ZM 2021-02-12 Call $430.00,STC,-5,$2.40,"$1,199.96",N,"$5,124.38"
02/10/2021,02/10/2021,02/10/2021,Margin,,FDIC Sweep Journal,FSWP,--,,$5.00,N,"$3,924.42"
02/10/2021,02/10/2021,02/10/2021,Sweep,,FDIC Sweep Journal,FSWP,--,,($5.00),N,"$3,919.42"
02/10/2021,02/10/2021,02/10/2021,Margin,,Gold Fee,GOLD,--,,($5.00),N,"$3,924.42"
02/10/2021,02/10/2021,02/10/2021,Margin,,FDIC Sweep Start of Day Movement,FSWP,--,,"$1,120.00",N,"$3,929.42"
02/10/2021,02/10/2021,02/10/2021,Sweep,,FDIC Sweep Start of Day Movement,FSWP,--,,"($1,120.00)",N,"$2,809.42"
02/09/2021,02/09/2021,02/10/2021,Margin,ZM,ZM 2021-02-12 Call $430.00,BTO,2,$5.60,"($1,120.00)",N,"$3,929.42"
02/09/2021,02/09/2021,02/09/2021,Margin,,FDIC Sweep Start of Day Movement,FSWP,--,,"$1,135.03",N,"$5,049.42"
02/09/2021,02/09/2021,02/09/2021,Sweep,,FDIC Sweep Start of Day Movement,FSWP,--,,"($1,135.03)",N,"$3,914.39"
02/08/2021,02/08/2021,02/09/2021,Margin,ZM,ZM 2021-02-12 Call $430.00,BTO,1,$5.20,($520.00),N,"$5,049.42"
02/08/2021,02/08/2021,02/09/2021,Margin,ZM,ZM 2021-02-12 Call $430.00,STC,-1,$6.30,$629.97,N,"$5,569.42"
02/08/2021,02/08/2021,02/09/2021,Margin,ZM,ZM 2021-02-12 Call $430.00,BTO,1,$6.55,($655.00),N,"$4,939.45"
02/08/2021,02/08/2021,02/09/2021,Margin,ZM,ZM 2021-02-12 Call $430.00,BTO,1,$5.90,($590.00),N,"$5,594.45"
02/08/2021,02/08/2021,02/08/2021,Sweep,,FDIC Sweep Start of Day Movement,FSWP,--,,"$5,661.84",N,"$6,184.45"
02/08/2021,02/08/2021,02/08/2021,Margin,,FDIC Sweep Start of Day Movement,FSWP,--,,"($5,661.84)",N,$522.61
02/05/2021,02/05/2021,02/08/2021,Margin,--,Option Expiration for NFLX 2021-02-05 call $580.00,OEXP,3S,,--,N,"$6,184.45"
02/05/2021,02/05/2021,02/08/2021,Margin,ZM,ZM 2021-02-12 Call $430.00,BTO,1,$9.34,($934.00),N,"$6,184.45"
02/05/2021,02/05/2021,02/08/2021,Margin,ZM,ZM 2021-02-05 Call $400.00,STC,-4,$16.21,"$6,483.84",N,"$7,118.45"
02/05/2021,02/05/2021,02/08/2021,Margin,ZM,ZM 2021-02-05 Call $400.00,BTO,2,$5.44,"($1,088.00)",N,$634.61
02/05/2021,02/05/2021,02/05/2021,Margin,,ACH Deposit,ACH,--,,"$1,200.00",N,"$1,722.61"
02/03/2021,02/03/2021,02/03/2021,Margin,,FDIC Sweep Start of Day Movement,FSWP,--,,$245.00,N,$522.61
02/03/2021,02/03/2021,02/03/2021,Sweep,,FDIC Sweep Start of Day Movement,FSWP,--,,($245.00),N,$277.61
02/02/2021,02/02/2021,02/03/2021,Margin,ZM,ZM 2021-02-05 Call $400.00,BTO,2,$5.62,"($1,124.00)",N,$522.61
02/02/2021,02/02/2021,02/03/2021,Margin,NFLX,NFLX 2021-02-05 Call $580.00,BTO,3,$1.07,($321.00),N,"$1,646.61"
02/02/2021,02/02/2021,02/02/2021,Margin,,ACH Deposit,ACH,--,,"$1,200.00",N,"$1,967.61"
02/02/2021,02/02/2021,02/02/2021,Margin,,FDIC Sweep Start of Day Movement,FSWP,--,,$233.30,N,$767.61
02/02/2021,02/02/2021,02/02/2021,Sweep,,FDIC Sweep Start of Day Movement,FSWP,--,,($233.30),N,$534.31
02/01/2021,02/01/2021,02/01/2021,Margin,,Crypto Money Movement,COIN,--,,$32.10,N,$767.61
02/01/2021,02/01/2021,02/01/2021,Margin,,Crypto Money Movement,COIN,--,,($10.09),N,$735.51
02/01/2021,02/01/2021,02/01/2021,Margin,,Crypto Money Movement,COIN,--,,$749.72,N,$745.60
02/01/2021,02/01/2021,02/01/2021,Margin,,Crypto Money Movement,COIN,--,,($15.03),N,($4.12)
02/01/2021,02/01/2021,02/01/2021,Margin,,Crypto Money Movement,COIN,--,,($20.03),N,$10.91
02/01/2021,02/01/2021,02/01/2021,Margin,,Crypto Money Movement,COIN,--,,($969.97),N,$30.94
01/29/2021,01/29/2021,01/29/2021,Sweep,,Interest Payment,INT,--,,$0.42,N,"$1,000.91"
01/26/2021,01/26/2021,01/26/2021,Sweep,,FDIC Sweep Start of Day Movement,FSWP,--,,"$1,000.00",N,"$1,000.49"
01/26/2021,01/26/2021,01/26/2021,Margin,,FDIC Sweep Start of Day Movement,FSWP,--,,"($1,000.00)",N,$0.49
01/25/2021,01/25/2021,01/25/2021,Margin,,ACH Deposit,ACH,--,,"$1,000.00",N,"$1,000.49"
01/22/2021,01/22/2021,01/25/2021,Margin,--,Option Expiration for DOCU 2021-01-22 call $265.00,OEXP,7S,,--,N,$0.49
01/20/2021,01/20/2021,01/20/2021,Margin,,FDIC Sweep Start of Day Movement,FSWP,--,,"$1,881.00",N,$0.49
01/20/2021,01/20/2021,01/20/2021,Sweep,,FDIC Sweep Start of Day Movement,FSWP,--,,"($1,881.00)",N,"($1,880.51)"
01/19/2021,01/19/2021,01/19/2021,Margin,,ACH Deposit,ACH,--,,$110.00,N,$0.49
01/19/2021,01/19/2021,01/20/2021,Margin,DOCU,DOCU 2021-01-22 Call $265.00,BTO,1,$2.87,($287.00),N,($109.51)
01/19/2021,01/19/2021,01/20/2021,Margin,DOCU,DOCU 2021-01-22 Call $265.00,BTO,3,$2.84,($852.00),N,$177.49
01/19/2021,01/19/2021,01/20/2021,Margin,DOCU,DOCU 2021-01-22 Call $265.00,BTO,3,$2.84,($852.00),N,"$1,029.49"
01/19/2021,01/19/2021,01/19/2021,Sweep,,FDIC Sweep Start of Day Movement,FSWP,--,,$74.96,N,"$1,881.49"
01/19/2021,01/19/2021,01/19/2021,Margin,,FDIC Sweep Start of Day Movement,FSWP,--,,($74.96),N,"$1,806.53"
01/15/2021,01/15/2021,01/19/2021,Margin,--,Option Expiration for DOCU 2021-01-15 call $260.00,OEXP,3S,,--,N,"$1,881.49"
01/15/2021,01/15/2021,01/19/2021,Margin,ANET,ANET 2021-01-15 Call $320.00,STC,-15,$0.05,$74.96,N,"$1,881.49"
01/13/2021,01/13/2021,01/13/2021,Sweep,,FDIC Sweep Start of Day Movement,FSWP,--,,$34.92,N,"$1,806.53"
01/13/2021,01/13/2021,01/13/2021,Margin,,FDIC Sweep Start of Day Movement,FSWP,--,,($34.92),N,"$1,771.61"
01/12/2021,01/12/2021,01/13/2021,Margin,ANET,ANET 2021-01-15 Call $320.00,BTO,5,$2.05,"($1,025.00)",N,"$1,806.53"
01/12/2021,01/12/2021,01/13/2021,Margin,DOCU,DOCU 2021-01-15 Call $260.00,BTO,3,$3.05,($915.00),N,"$2,831.53"
01/12/2021,01/12/2021,01/13/2021,Margin,DOCU,DOCU 2021-01-15 Call $260.00,STC,-5,$6.30,"$3,149.92",N,"$3,746.53"
01/12/2021,01/12/2021,01/13/2021,Margin,DOCU,DOCU 2021-01-15 Call $260.00,BTO,5,$2.35,"($1,175.00)",N,$596.61
01/11/2021,01/11/2021,01/11/2021,Margin,,FDIC Sweep Journal,FSWP,--,,$5.00,N,"$1,771.61"
01/11/2021,01/11/2021,01/11/2021,Sweep,,FDIC Sweep Journal,FSWP,--,,($5.00),N,"$1,766.61"
01/11/2021,01/11/2021,01/11/2021,Margin,,Gold Fee,GOLD,--,,($5.00),N,"$1,771.61"
01/11/2021,01/11/2021,01/11/2021,Margin,,FDIC Sweep Start of Day Movement,FSWP,--,,"$6,500.06",N,"$1,776.61"
01/11/2021,01/11/2021,01/11/2021,Sweep,,FDIC Sweep Start of Day Movement,FSWP,--,,"($6,500.06)",N,"($4,723.45)"
01/08/2021,01/08/2021,01/11/2021,Margin,--,Option Expiration for NFLX 2021-01-08 call $555.00,OEXP,3S,,--,N,"$1,776.61"
01/08/2021,01/08/2021,01/08/2021,Margin,,ACH Withdrawal,ACH,--,,"($6,100.00)",N,"$1,776.61"
01/08/2021,01/08/2021,01/11/2021,Margin,ANET,ANET 2021-01-15 Call $320.00,BTO,10,$0.95,($950.00),N,"$7,876.61"
01/08/2021,01/08/2021,01/11/2021,Margin,QCOM,QCOM 2021-01-08 Call $157.50,STC,-10,$0.09,$89.97,N,"$8,826.61"
01/08/2021,01/08/2021,01/11/2021,Margin,TDOC,TDOC 2021-01-08 Call $230.00,STC,-1,$4.60,$459.97,N,"$8,736.64"
01/08/2021,01/08/2021,01/08/2021,Sweep,,FDIC Sweep Start of Day Movement,FSWP,--,,"$8,261.72",N,"$8,276.67"
01/08/2021,01/08/2021,01/08/2021,Margin,,FDIC Sweep Start of Day Movement,FSWP,--,,"($8,261.72)",N,$14.95
01/07/2021,01/07/2021,01/08/2021,Margin,TDOC,TDOC 2021-01-08 Call $230.00,BTO,1,$2.13,($213.00),N,"$8,276.67"
01/07/2021,01/07/2021,01/08/2021,Margin,TDOC,TDOC 2021-01-08 Call $220.00,STC,-2,$8.40,"$1,679.95",N,"$8,489.67"
01/07/2021,01/07/2021,01/08/2021,Margin,TDOC,TDOC 2021-01-08 Call $220.00,STC,-1,$8.40,$839.97,N,"$6,809.72"
01/07/2021,01/07/2021,01/08/2021,Margin,TDOC,TDOC 2021-01-08 Call $220.00,STC,-2,$8.40,"$1,679.95",N,"$5,969.75"
01/07/2021,01/07/2021,01/08/2021,Margin,TDOC,TDOC 2021-01-08 Call $220.00,STC,-1,$8.40,$839.97,N,"$4,289.80"
01/07/2021,01/07/2021,01/08/2021,Margin,TDOC,TDOC 2021-01-08 Call $220.00,STC,-1,$8.40,$839.97,N,"$3,449.83"
01/07/2021,01/07/2021,01/08/2021,Margin,TDOC,TDOC 2021-01-08 Call $220.00,STC,-1,$8.40,$839.97,N,"$2,609.86"
01/07/2021,01/07/2021,01/08/2021,Margin,TDOC,TDOC 2021-01-08 Call $220.00,STC,-1,$8.40,$839.97,N,"$1,769.89"
01/07/2021,01/07/2021,01/08/2021,Margin,TDOC,TDOC 2021-01-08 Call $220.00,STC,-1,$8.40,$839.97,N,$929.92
01/07/2021,01/07/2021,01/07/2021,Margin,,ACH Deposit,ACH,--,,$950.00,N,$89.95
01/07/2021,01/07/2021,01/08/2021,Margin,TDOC,TDOC 2021-01-08 Call $220.00,BTO,5,$1.82,($910.00),N,($860.05)
01/07/2021,01/07/2021,01/07/2021,Margin,,ACH Deposit,ACH,--,,$500.00,N,$49.95
01/07/2021,01/07/2021,01/08/2021,Margin,TDOC,TDOC 2021-01-08 Call $220.00,BTO,1,$1.55,($155.00),N,($450.05)
01/07/2021,01/07/2021,01/08/2021,Margin,TDOC,TDOC 2021-01-08 Call $220.00,BTO,1,$1.55,($155.00),N,($295.05)
01/07/2021,01/07/2021,01/08/2021,Margin,TDOC,TDOC 2021-01-08 Call $220.00,BTO,1,$1.55,($155.00),N,($140.05)
01/07/2021,01/07/2021,01/07/2021,Margin,,FDIC Sweep Start of Day Movement,FSWP,--,,$340.00,N,$14.95
01/07/2021,01/07/2021,01/07/2021,Sweep,,FDIC Sweep Start of Day Movement,FSWP,--,,($340.00),N,($325.05)
01/06/2021,01/06/2021,01/06/2021,Margin,,ACH Deposit,ACH,--,,$150.00,N,$14.95
01/06/2021,01/06/2021,01/07/2021,Margin,QCOM,QCOM 2021-01-08 Call $157.50,BTO,10,$0.37,($370.00),N,($135.05)
01/06/2021,01/06/2021,01/07/2021,Margin,TDOC,TDOC 2021-01-08 Call $220.00,BTO,2,$0.60,($120.00),N,$234.95
01/04/2021,01/04/2021,01/04/2021,Margin,,FDIC Sweep Start of Day Movement,FSWP,--,,"$1,299.00",N,$354.95
01/04/2021,01/04/2021,01/04/2021,Sweep,,FDIC Sweep Start of Day Movement,FSWP,--,,"($1,299.00)",N,($944.05)
12/31/2020,12/31/2020,01/04/2021,Margin,--,Option Expiration for MSFT 2020-12-31 call $230.00,OEXP,10S,,--,N,$354.95
12/31/2020,12/31/2020,12/31/2020,Sweep,,Interest Payment,INT,--,,$0.37,N,$354.95
12/31/2020,12/31/2020,01/04/2021,Margin,NFLX,NFLX 2021-01-08 Call $555.00,BTO,1,$4.33,($433.00),N,$354.58
12/31/2020,12/31/2020,01/04/2021,Margin,NFLX,NFLX 2021-01-08 Call $555.00,BTO,2,$4.33,($866.00),N,$787.58
12/31/2020,12/31/2020,12/31/2020,Sweep,,FDIC Sweep Start of Day Movement,FSWP,--,,"$1,653.58",N,"$1,653.58"
12/31/2020,12/31/2020,12/31/2020,Margin,,FDIC Sweep Start of Day Movement,FSWP,--,,"($1,653.58)",N,$0.00
12/30/2020,12/30/2020,12/30/2020,Margin,,FDIC Sweep Journal,FSWP,--,,$43.73,N,"$1,653.58"
12/30/2020,12/30/2020,12/30/2020,Sweep,,FDIC Sweep Journal,FSWP,--,,($43.73),N,"$1,609.85"
12/30/2020,12/30/2020,12/30/2020,Margin,,ACH Withdrawal,ACH,--,,"($4,500.00)",N,"$1,653.58"
12/30/2020,12/30/2020,12/31/2020,Margin,AMZN,"AMZN 2020-12-31 Call $3,300.00",STC,-2,$30.55,"$6,109.85",N,"$6,153.58"
12/28/2020,12/28/2020,12/28/2020,Margin,,FDIC Sweep Start of Day Movement,FSWP,--,,"$1,287.00",N,$43.73
12/28/2020,12/28/2020,12/28/2020,Sweep,,FDIC Sweep Start of Day Movement,FSWP,--,,"($1,287.00)",N,"($1,243.27)"
12/24/2020,12/24/2020,12/28/2020,Margin,--,Option Expiration for MSFT 2020-12-24 call $225.00,OEXP,20S,,--,N,$43.73
12/24/2020,12/24/2020,12/24/2020,Margin,,ACH Deposit,ACH,--,,$370.00,N,$43.73
12/24/2020,12/24/2020,12/28/2020,Margin,MSFT,MSFT 2020-12-31 Call $230.00,BTO,9,$0.39,($351.00),N,($326.27)
12/24/2020,12/24/2020,12/28/2020,Margin,MSFT,MSFT 2020-12-31 Call $230.00,BTO,1,$0.38,($38.00),N,$24.73
12/24/2020,12/24/2020,12/24/2020,Margin,,ACH Deposit,ACH,--,,$150.00,N,$62.73
12/24/2020,12/24/2020,12/28/2020,Margin,AMZN,"AMZN 2020-12-31 Call $3,300.00",BTO,2,$7.09,"($1,418.00)",N,($87.27)
12/24/2020,12/24/2020,12/24/2020,Sweep,,FDIC Sweep Start of Day Movement,FSWP,--,,"$1,199.96",N,"$1,330.73"
12/24/2020,12/24/2020,12/24/2020,Margin,,FDIC Sweep Start of Day Movement,FSWP,--,,"($1,199.96)",N,$130.77
12/23/2020,12/23/2020,12/24/2020,Margin,WDAY,WDAY 2020-12-24 Call $250.00,STC,-3,$4.00,"$1,199.96",N,"$1,330.73"
12/22/2020,12/22/2020,12/22/2020,Margin,,FDIC Sweep Start of Day Movement,FSWP,--,,$810.00,N,$130.77
12/22/2020,12/22/2020,12/22/2020,Sweep,,FDIC Sweep Start of Day Movement,FSWP,--,,($810.00),N,($679.23)
12/21/2020,12/21/2020,12/22/2020,Margin,MSFT,MSFT 2020-12-24 Call $225.00,BTO,5,$0.81,($405.00),N,$130.77
12/21/2020,12/21/2020,12/22/2020,Margin,MSFT,MSFT 2020-12-24 Call $225.00,BTO,5,$0.81,($405.00),N,$535.77
12/21/2020,12/21/2020,12/21/2020,Sweep,,FDIC Sweep Start of Day Movement,FSWP,--,,$940.77,N,$940.77
12/21/2020,12/21/2020,12/21/2020,Margin,,FDIC Sweep Start of Day Movement,FSWP,--,,($940.77),N,$0.00
12/18/2020,12/18/2020,12/21/2020,Margin,--,Option Expiration for FB 2020-12-18 call $300.00,OEXP,2S,,--,N,$940.77
12/18/2020,12/18/2020,12/21/2020,Margin,--,Option Expiration for SRPT 2020-12-18 call $180.00,OEXP,2S,,--,N,$940.77
12/18/2020,12/18/2020,12/21/2020,Margin,MSFT,MSFT 2020-12-24 Call $225.00,BTO,10,$0.70,($700.00),N,$940.77
12/18/2020,12/18/2020,12/21/2020,Margin,WDAY,WDAY 2020-12-24 Call $250.00,BTO,3,$1.20,($360.00),N,"$1,640.77"
12/18/2020,12/18/2020,12/18/2020,Margin,,ACH Withdrawal,ACH,--,,($236.00),N,"$2,000.77"
12/18/2020,12/18/2020,12/21/2020,Margin,WDAY,WDAY 2020-12-18 Call $240.00,STC,-1,$2.00,$199.98,N,"$2,236.77"
12/18/2020,12/18/2020,12/18/2020,Margin,,FDIC Sweep Journal,FSWP,--,,"$4,916.85",N,"$2,036.79"
12/18/2020,12/18/2020,12/18/2020,Sweep,,FDIC Sweep Journal,FSWP,--,,"($4,916.85)",N,"($2,880.06)"
12/18/2020,12/18/2020,12/18/2020,Margin,,ACH Withdrawal,ACH,--,,"($5,000.00)",N,"$2,036.79"
12/18/2020,12/18/2020,12/21/2020,Margin,NFLX,NFLX 2020-12-18 Call $520.00,STC,-2,$10.60,"$2,119.94",N,"$7,036.79"
12/18/2020,12/18/2020,12/18/2020,Sweep,,FDIC Sweep Start of Day Movement,FSWP,--,,"$4,827.85",N,"$4,916.85"
12/18/2020,12/18/2020,12/18/2020,Margin,,FDIC Sweep Start of Day Movement,FSWP,--,,"($4,827.85)",N,$89.00
12/17/2020,12/17/2020,12/18/2020,Margin,WDAY,WDAY 2020-12-18 Call $240.00,BTO,1,$1.72,($172.00),N,"$4,916.85"
12/17/2020,12/17/2020,12/18/2020,Margin,WDAY,WDAY 2020-12-18 Call $235.00,STC,-9,$5.00,"$4,499.88",N,"$5,088.85"
12/17/2020,12/17/2020,12/18/2020,Margin,WDAY,WDAY 2020-12-18 Call $235.00,STC,-1,$5.00,$499.97,N,$588.97
12/17/2020,12/17/2020,12/17/2020,Sweep,,FDIC Sweep Start of Day Movement,FSWP,--,,$75.00,N,$89.00
12/17/2020,12/17/2020,12/17/2020,Margin,,FDIC Sweep Start of Day Movement,FSWP,--,,($75.00),N,$14.00
12/16/2020,12/16/2020,12/16/2020,Margin,,ACH Deposit,ACH,--,,$500.00,N,$89.00
12/16/2020,12/16/2020,12/17/2020,Margin,WDAY,WDAY 2020-12-18 Call $235.00,BTO,2,$0.96,($192.00),N,($411.00)
12/16/2020,12/16/2020,12/17/2020,Margin,WDAY,WDAY 2020-12-18 Call $235.00,BTO,3,$0.96,($288.00),N,($219.00)
12/16/2020,12/16/2020,12/16/2020,Margin,,ACH Deposit,ACH,--,,$500.00,N,$69.00
12/16/2020,12/16/2020,12/17/2020,Margin,WDAY,WDAY 2020-12-18 Call $235.00,BTO,3,$0.89,($267.00),N,($431.00)
12/16/2020,12/16/2020,12/17/2020,Margin,WDAY,WDAY 2020-12-18 Call $235.00,BTO,2,$0.89,($178.00),N,($164.00)
12/15/2020,12/15/2020,12/15/2020,Sweep,,FDIC Sweep Start of Day Movement,FSWP,--,,$5.00,N,$14.00
12/15/2020,12/15/2020,12/15/2020,Margin,,FDIC Sweep Start of Day Movement,FSWP,--,,($5.00),N,$9.00
12/14/2020,12/14/2020,12/15/2020,Margin,NFLX,NFLX 2020-12-18 Call $520.00,BTO,1,$8.55,($855.00),N,$14.00
12/14/2020,12/14/2020,12/14/2020,Margin,,ACH Deposit,ACH,--,,$850.00,N,$869.00
12/14/2020,12/14/2020,12/14/2020,Margin,,ACH Deposit,ACH,--,,$400.00,N,$19.00
12/14/2020,12/14/2020,12/15/2020,Margin,NFLX,NFLX 2020-12-18 Call $520.00,BTO,1,$5.50,($550.00),N,($381.00)
12/14/2020,12/14/2020,12/15/2020,Margin,SRPT,SRPT 2020-12-18 Call $180.00,BTO,2,$1.20,($240.00),N,$169.00
12/14/2020,12/14/2020,12/14/2020,Margin,,ACH Deposit,ACH,--,,$400.00,N,$409.00
12/14/2020,12/14/2020,12/14/2020,Margin,,FDIC Sweep Journal,FSWP,--,,$5.00,N,$9.00
12/14/2020,12/14/2020,12/14/2020,Sweep,,FDIC Sweep Journal,FSWP,--,,($5.00),N,$4.00
12/14/2020,12/14/2020,12/14/2020,Margin,,Gold Fee,GOLD,--,,($5.00),N,$9.00
12/11/2020,12/11/2020,12/14/2020,Margin,--,Option Expiration for NFLX 2020-12-11 call $520.00,OEXP,3S,,--,N,$14.00
12/11/2020,12/11/2020,12/14/2020,Margin,--,Option Expiration for DDOG 2020-12-11 call $105.00,OEXP,2S,,--,N,$14.00
12/11/2020,12/11/2020,12/11/2020,Sweep,,FDIC Sweep Start of Day Movement,FSWP,--,,$6.00,N,$14.00
12/11/2020,12/11/2020,12/11/2020,Margin,,FDIC Sweep Start of Day Movement,FSWP,--,,($6.00),N,$8.00
12/10/2020,12/10/2020,12/10/2020,Margin,,ACH Deposit,ACH,--,,$110.00,N,$14.00
12/10/2020,12/10/2020,12/11/2020,Margin,DDOG,DDOG 2020-12-11 Call $105.00,BTO,2,$0.52,($104.00),N,($96.00)
12/10/2020,12/10/2020,12/10/2020,Sweep,,FDIC Sweep Start of Day Movement,FSWP,--,,$8.00,N,$8.00
12/10/2020,12/10/2020,12/10/2020,Margin,,FDIC Sweep Start of Day Movement,FSWP,--,,($8.00),N,$0.00
12/09/2020,12/09/2020,12/09/2020,Margin,,ACH Deposit,ACH,--,,$20.00,N,$8.00
12/09/2020,12/09/2020,12/09/2020,Margin,,ACH Deposit,ACH,--,,$390.00,N,($12.00)
12/09/2020,12/09/2020,12/10/2020,Margin,FB,FB 2020-12-18 Call $300.00,BTO,1,$2.01,($201.00),N,($402.00)
12/09/2020,12/09/2020,12/10/2020,Margin,FB,FB 2020-12-18 Call $300.00,BTO,1,$2.01,($201.00),N,($201.00)
12/08/2020,12/08/2020,12/08/2020,Margin,,FDIC Sweep Start of Day Movement,FSWP,--,,$324.04,N,$0.00
12/08/2020,12/08/2020,12/08/2020,Sweep,,FDIC Sweep Start of Day Movement,FSWP,--,,($324.04),N,($324.04)
12/07/2020,12/07/2020,12/08/2020,Margin,NFLX,NFLX 2020-12-11 Call $520.00,BTO,3,$4.20,"($1,260.00)",N,$0.00
12/07/2020,12/07/2020,12/08/2020,Margin,DOCU,DOCU 2020-12-11 Call $250.00,STC,-4,$2.34,$935.96,N,"$1,260.00"
12/07/2020,12/07/2020,12/07/2020,Margin,,FDIC Sweep Start of Day Movement,FSWP,--,,"$7,760.00",N,$324.04
12/07/2020,12/07/2020,12/07/2020,Sweep,,FDIC Sweep Start of Day Movement,FSWP,--,,"($7,760.00)",N,"($7,435.96)"
12/04/2020,12/04/2020,12/07/2020,Margin,--,Option Expiration for AAPL 2020-12-04 call $124.00,OEXP,20S,,--,N,$324.04
12/04/2020,12/04/2020,12/07/2020,Margin,--,Option Expiration for MSFT 2020-12-04 call $225.00,OEXP,10S,,--,N,$324.04
12/04/2020,12/04/2020,12/04/2020,Margin,,ACH Withdrawal,ACH,--,,"($5,900.00)",N,$324.04
12/04/2020,12/04/2020,12/07/2020,Margin,DOCU,DOCU 2020-12-11 Call $250.00,BTO,1,$4.45,($445.00),N,"$6,224.04"
12/04/2020,12/04/2020,12/07/2020,Margin,DOCU,DOCU 2020-12-11 Call $250.00,BTO,1,$4.45,($445.00),N,"$6,669.04"
12/04/2020,12/04/2020,12/07/2020,Margin,DOCU,DOCU 2020-12-11 Call $250.00,BTO,1,$4.85,($485.00),N,"$7,114.04"
12/04/2020,12/04/2020,12/07/2020,Margin,DOCU,DOCU 2020-12-11 Call $250.00,BTO,1,$4.85,($485.00),N,"$7,599.04"
12/03/2020,12/03/2020,12/03/2020,Sweep,,FDIC Sweep Start of Day Movement,FSWP,--,,"$5,753.84",N,"$8,084.04"
12/03/2020,12/03/2020,12/03/2020,Margin,,FDIC Sweep Start of Day Movement,FSWP,--,,"($5,753.84)",N,"$2,330.20"
12/02/2020,12/02/2020,12/03/2020,Margin,SPOT,SPOT 2020-12-04 Call $290.00,STC,-4,$12.00,"$4,799.88",N,"$8,084.04"
12/02/2020,12/02/2020,12/03/2020,Margin,AMD,AMD 2020-12-04 Call $93.00,STC,-3,$3.18,$953.96,N,"$3,284.16"
12/02/2020,12/02/2020,12/02/2020,Margin,,FDIC Sweep Start of Day Movement,FSWP,--,,$710.00,N,"$2,330.20"
12/02/2020,12/02/2020,12/02/2020,Sweep,,FDIC Sweep Start of Day Movement,FSWP,--,,($710.00),N,"$1,620.20"
12/01/2020,12/01/2020,12/02/2020,Margin,AAPL,AAPL 2020-12-04 Call $124.00,BTO,10,$0.71,($710.00),N,"$2,330.20"
12/01/2020,12/01/2020,12/01/2020,Sweep,,FDIC Sweep Start of Day Movement,FSWP,--,,"$2,965.89",N,"$3,040.20"
12/01/2020,12/01/2020,12/01/2020,Margin,,FDIC Sweep Start of Day Movement,FSWP,--,,"($2,965.89)",N,$74.31
11/30/2020,11/30/2020,11/30/2020,Sweep,,Interest Payment,INT,--,,$0.09,N,"$3,040.20"
11/30/2020,11/30/2020,12/01/2020,Margin,AAPL,AAPL 2020-12-04 Call $124.00,BTO,10,$0.30,($300.00),N,"$3,040.11"
11/30/2020,11/30/2020,12/01/2020,Margin,AMD,AMD 2020-12-04 Call $93.00,BTO,3,$1.78,($534.00),N,"$3,340.11"
11/30/2020,11/30/2020,12/01/2020,Margin,AMD,AMD 2020-12-04 Call $89.00,STC,-7,$3.80,"$2,659.93",N,"$3,874.11"
11/30/2020,11/30/2020,12/01/2020,Margin,AMD,AMD 2020-12-04 Call $89.00,STC,-3,$3.80,"$1,139.96",N,"$1,214.18"
11/30/2020,11/30/2020,11/30/2020,Margin,,FDIC Sweep Start of Day Movement,FSWP,--,,"$1,503.00",N,$74.22
11/30/2020,11/30/2020,11/30/2020,Sweep,,FDIC Sweep Start of Day Movement,FSWP,--,,"($1,503.00)",N,"($1,428.78)"
11/27/2020,11/27/2020,11/30/2020,Margin,--,Option Expiration for AMD 2020-11-27 call $88.00,OEXP,15S,,--,N,$74.22
11/27/2020,11/27/2020,11/27/2020,Margin,,ACH Deposit,ACH,--,,$800.00,N,$74.22
11/27/2020,11/27/2020,11/30/2020,Margin,SPOT,SPOT 2020-12-04 Call $290.00,BTO,1,$2.51,($251.00),N,($725.78)
11/27/2020,11/27/2020,11/30/2020,Margin,SPOT,SPOT 2020-12-04 Call $290.00,BTO,1,$2.51,($251.00),N,($474.78)
11/27/2020,11/27/2020,11/30/2020,Margin,SPOT,SPOT 2020-12-04 Call $290.00,BTO,1,$2.46,($246.00),N,($223.78)
11/27/2020,11/27/2020,11/27/2020,Margin,,ACH Deposit,ACH,--,,$240.00,N,$22.22
11/27/2020,11/27/2020,11/30/2020,Margin,SPOT,SPOT 2020-12-04 Call $290.00,BTO,1,$2.40,($240.00),N,($217.78)
11/27/2020,11/27/2020,11/27/2020,Margin,,ACH Deposit,ACH,--,,$150.00,N,$22.22
11/27/2020,11/27/2020,11/30/2020,Margin,MSFT,MSFT 2020-12-04 Call $225.00,BTO,4,$0.37,($148.00),N,($127.78)
11/27/2020,11/27/2020,11/30/2020,Margin,MSFT,MSFT 2020-12-04 Call $225.00,BTO,1,$0.37,($37.00),N,$20.22
11/27/2020,11/27/2020,11/30/2020,Margin,MSFT,MSFT 2020-12-04 Call $225.00,BTO,3,$0.36,($108.00),N,$57.22
11/27/2020,11/27/2020,11/30/2020,Margin,MSFT,MSFT 2020-12-04 Call $225.00,BTO,1,$0.36,($36.00),N,$165.22
11/27/2020,11/27/2020,11/30/2020,Margin,MSFT,MSFT 2020-12-04 Call $225.00,BTO,1,$0.36,($36.00),N,$201.22
11/27/2020,11/27/2020,11/30/2020,Margin,AMD,AMD 2020-12-04 Call $89.00,BTO,10,$1.34,"($1,340.00)",N,$237.22
11/24/2020,11/24/2020,11/24/2020,Margin,,FDIC Sweep Start of Day Movement,FSWP,--,,$435.00,N,"$1,577.22"
11/24/2020,11/24/2020,11/24/2020,Sweep,,FDIC Sweep Start of Day Movement,FSWP,--,,($435.00),N,"$1,142.22"
11/23/2020,11/23/2020,11/24/2020,Margin,AMD,AMD 2020-11-27 Call $88.00,BTO,2,$0.87,($174.00),N,"$1,577.22"
11/23/2020,11/23/2020,11/24/2020,Margin,AMD,AMD 2020-11-27 Call $88.00,BTO,1,$0.87,($87.00),N,"$1,751.22"
11/23/2020,11/23/2020,11/24/2020,Margin,AMD,AMD 2020-11-27 Call $88.00,BTO,1,$0.87,($87.00),N,"$1,838.22"
11/23/2020,11/23/2020,11/24/2020,Margin,AMD,AMD 2020-11-27 Call $88.00,BTO,1,$0.87,($87.00),N,"$1,925.22"
11/23/2020,11/23/2020,11/23/2020,Sweep,,FDIC Sweep Start of Day Movement,FSWP,--,,"$1,999.88",N,"$2,012.22"
11/23/2020,11/23/2020,11/23/2020,Margin,,FDIC Sweep Start of Day Movement,FSWP,--,,"($1,999.88)",N,$12.34
11/20/2020,11/20/2020,11/23/2020,Margin,--,Option Expiration for AMD 2020-11-20 call $89.00,OEXP,10S,,--,N,"$2,012.22"
11/20/2020,11/20/2020,11/23/2020,Margin,--,Option Expiration for CERN 2020-11-20 call $80.00,OEXP,20S,,--,N,"$2,012.22"
11/20/2020,11/20/2020,11/23/2020,Margin,--,Option Expiration for MSFT 2020-11-20 call $225.00,OEXP,10S,,--,N,"$2,012.22"
11/20/2020,11/20/2020,11/23/2020,Margin,--,Option Expiration for AAPL 2020-11-20 call $124.00,OEXP,20S,,--,N,"$2,012.22"
11/20/2020,11/20/2020,11/23/2020,Margin,SNAP,SNAP 2020-11-20 Call $42.50,STC,-13,$1.00,"$1,299.94",N,"$2,012.22"
11/20/2020,11/20/2020,11/23/2020,Margin,SNAP,SNAP 2020-11-20 Call $42.50,STC,-2,$1.00,$199.98,N,$712.28
11/20/2020,11/20/2020,11/23/2020,Margin,SNAP,SNAP 2020-11-20 Call $42.50,STC,-3,$1.00,$299.98,N,$512.30
11/20/2020,11/20/2020,11/23/2020,Margin,SNAP,SNAP 2020-11-20 Call $42.50,STC,-2,$1.00,$199.98,N,$212.32
11/20/2020,11/20/2020,11/20/2020,Margin,,FDIC Sweep Start of Day Movement,FSWP,--,,$20.00,N,$12.34
11/20/2020,11/20/2020,11/20/2020,Sweep,,FDIC Sweep Start of Day Movement,FSWP,--,,($20.00),N,($7.66)
11/19/2020,11/19/2020,11/20/2020,Margin,AMD,AMD 2020-11-27 Call $88.00,BTO,10,$0.68,($680.00),N,$12.34
11/19/2020,11/19/2020,11/19/2020,Margin,,ACH Deposit,ACH,--,,$660.00,N,$692.34
11/19/2020,11/19/2020,11/19/2020,Sweep,,FDIC Sweep Start of Day Movement,FSWP,--,,$20.00,N,$32.34
11/19/2020,11/19/2020,11/19/2020,Margin,,FDIC Sweep Start of Day Movement,FSWP,--,,($20.00),N,$12.34
11/18/2020,11/18/2020,11/19/2020,Margin,SNAP,SNAP 2020-11-20 Call $42.50,BTO,20,$0.21,($420.00),N,$32.34
11/18/2020,11/18/2020,11/18/2020,Margin,,ACH Deposit,ACH,--,,$440.00,N,$452.34
11/18/2020,11/18/2020,11/18/2020,Margin,,FDIC Sweep Start of Day Movement,FSWP,--,,$150.00,N,$12.34
11/18/2020,11/18/2020,11/18/2020,Sweep,,FDIC Sweep Start of Day Movement,FSWP,--,,($150.00),N,($137.66)
11/17/2020,11/17/2020,11/18/2020,Margin,AMD,AMD 2020-11-20 Call $89.00,BTO,4,$0.19,($76.00),N,$12.34
11/17/2020,11/17/2020,11/18/2020,Margin,AMD,AMD 2020-11-20 Call $89.00,BTO,3,$0.19,($57.00),N,$88.34
11/17/2020,11/17/2020,11/18/2020,Margin,AMD,AMD 2020-11-20 Call $89.00,BTO,3,$0.19,($57.00),N,$145.34
11/17/2020,11/17/2020,11/17/2020,Margin,,ACH Deposit,ACH,--,,$40.00,N,$202.34
11/17/2020,11/17/2020,11/18/2020,Margin,MSFT,MSFT 2020-11-20 Call $225.00,BTO,10,$0.27,($270.00),N,$162.34
11/17/2020,11/17/2020,11/17/2020,Margin,,ACH Deposit,ACH,--,,$270.00,N,$432.34
11/16/2020,11/16/2020,11/16/2020,Sweep,,FDIC Sweep Start of Day Movement,FSWP,--,,$99.92,N,$162.34
11/16/2020,11/16/2020,11/16/2020,Margin,,FDIC Sweep Start of Day Movement,FSWP,--,,($99.92),N,$62.42
11/13/2020,11/13/2020,11/16/2020,Margin,--,Option Expiration for WDAY 2020-11-13 call $240.00,OEXP,10S,,--,N,$162.34
11/13/2020,11/13/2020,11/16/2020,Margin,--,Option Expiration for AAPL 2020-11-13 call $124.00,OEXP,100S,,--,N,$162.34
11/13/2020,11/13/2020,11/16/2020,Margin,--,Option Expiration for INTC 2020-11-13 put $42.00,OEXP,40S,,--,N,$162.34
11/13/2020,11/13/2020,11/16/2020,Margin,--,Option Expiration for FB 2020-11-13 call $300.00,OEXP,1S,,--,N,$162.34
11/13/2020,11/13/2020,11/16/2020,Margin,--,Option Expiration for SHOP 2020-11-13 put $850.00,OEXP,1S,,--,N,$162.34
11/13/2020,11/13/2020,11/16/2020,Margin,AAPL,AAPL 2020-11-20 Call $124.00,BTO,20,$0.39,($780.00),N,$162.34
11/13/2020,11/13/2020,11/16/2020,Margin,MU,MU 2020-11-13 Call $57.00,STC,-2,$0.88,$175.98,N,$942.34
11/13/2020,11/13/2020,11/16/2020,Margin,MU,MU 2020-11-13 Call $57.00,STC,-2,$0.88,$175.98,N,$766.36
11/13/2020,11/13/2020,11/16/2020,Margin,MU,MU 2020-11-13 Call $57.00,STC,-2,$0.88,$175.98,N,$590.38
11/13/2020,11/13/2020,11/16/2020,Margin,MU,MU 2020-11-13 Call $57.00,STC,-4,$0.88,$351.98,N,$414.40
11/12/2020,11/12/2020,11/12/2020,Margin,,FDIC Sweep Journal,FSWP,--,,$5.00,N,$62.42
11/12/2020,11/12/2020,11/12/2020,Sweep,,FDIC Sweep Journal,FSWP,--,,($5.00),N,$57.42
11/12/2020,11/12/2020,11/12/2020,Margin,,Gold Fee,GOLD,--,,($5.00),N,$62.42
11/11/2020,11/11/2020,11/12/2020,Margin,AAPL,AAPL 2020-11-13 Call $124.00,BTO,2,$0.10,($20.00),N,$67.42
11/11/2020,11/11/2020,11/12/2020,Margin,AAPL,AAPL 2020-11-13 Call $124.00,BTO,19,$0.10,($190.00),N,$87.42
11/11/2020,11/11/2020,11/12/2020,Margin,AAPL,AAPL 2020-11-13 Call $124.00,BTO,6,$0.10,($60.00),N,$277.42
11/11/2020,11/11/2020,11/12/2020,Margin,AAPL,AAPL 2020-11-13 Call $124.00,BTO,73,$0.10,($730.00),N,$337.42
11/11/2020,11/11/2020,11/11/2020,Margin,,ACH Deposit,ACH,--,,"$1,000.00",N,"$1,067.42"
11/10/2020,11/10/2020,11/11/2020,Margin,SHOP,SHOP 2020-11-13 Put $850.00,BTO,1,$9.80,($980.00),N,$67.42
11/10/2020,11/10/2020,11/10/2020,Margin,,ACH Deposit,ACH,--,,$980.00,N,"$1,047.42"
11/10/2020,11/10/2020,11/10/2020,Margin,,FDIC Sweep Start of Day Movement,FSWP,--,,$21.00,N,$67.42
11/10/2020,11/10/2020,11/10/2020,Sweep,,FDIC Sweep Start of Day Movement,FSWP,--,,($21.00),N,$46.42
11/09/2020,11/09/2020,11/10/2020,Margin,MU,MU 2020-11-13 Call $57.00,BTO,6,$0.89,($534.00),N,$67.42
11/09/2020,11/09/2020,11/09/2020,Margin,,ACH Deposit,ACH,--,,$540.00,N,$601.42
11/09/2020,11/09/2020,11/10/2020,Margin,WDAY,WDAY 2020-11-13 Call $240.00,BTO,9,$0.74,($666.00),N,$61.42
11/09/2020,11/09/2020,11/10/2020,Margin,WDAY,WDAY 2020-11-13 Call $240.00,BTO,1,$0.76,($76.00),N,$727.42
11/09/2020,11/09/2020,11/09/2020,Margin,,ACH Deposit,ACH,--,,$750.00,N,$803.42
11/09/2020,11/09/2020,11/09/2020,Margin,,ACH Deposit,ACH,--,,$175.00,N,$53.42
11/09/2020,11/09/2020,11/10/2020,Margin,FB,FB 2020-11-13 Call $300.00,BTO,1,$1.70,($170.00),N,($121.58)
11/09/2020,11/09/2020,11/09/2020,Margin,,ACH Deposit,ACH,--,,$400.00,N,$48.42
11/09/2020,11/09/2020,11/10/2020,Margin,CERN,CERN 2020-11-20 Call $80.00,BTO,10,$0.40,($400.00),N,($351.58)
11/09/2020,11/09/2020,11/09/2020,Margin,,ACH Deposit,ACH,--,,$120.00,N,$48.42
11/09/2020,11/09/2020,11/10/2020,Margin,CERN,CERN 2020-11-20 Call $80.00,BTO,3,$0.40,($120.00),N,($71.58)
11/09/2020,11/09/2020,11/10/2020,Margin,CERN,CERN 2020-11-20 Call $80.00,BTO,1,$0.40,($40.00),N,$48.42
11/09/2020,11/09/2020,11/09/2020,Margin,,FDIC Sweep Start of Day Movement,FSWP,--,,$8.00,N,$88.42
11/09/2020,11/09/2020,11/09/2020,Sweep,,FDIC Sweep Start of Day Movement,FSWP,--,,($8.00),N,$80.42
11/06/2020,11/06/2020,11/09/2020,Margin,--,Option Expiration for WDAY 2020-11-06 call $240.00,OEXP,5S,,--,N,$88.42
11/06/2020,11/06/2020,11/09/2020,Margin,--,Option Expiration for BAC 2020-11-06 put $22.00,OEXP,80S,,--,N,$88.42
11/06/2020,11/06/2020,11/06/2020,Margin,,ACH Deposit,ACH,--,,$160.00,N,$88.42
11/06/2020,11/06/2020,11/09/2020,Margin,MU,MU 2020-11-13 Call $57.00,BTO,4,$0.42,($168.00),N,($71.58)
11/06/2020,11/06/2020,11/06/2020,Margin,,FDIC Sweep Start of Day Movement,FSWP,--,,$65.00,N,$96.42
11/06/2020,11/06/2020,11/06/2020,Sweep,,FDIC Sweep Start of Day Movement,FSWP,--,,($65.00),N,$31.42
11/05/2020,11/05/2020,11/06/2020,Margin,INTC,INTC 2020-11-13 Put $42.00,BTO,40,$0.09,($360.00),N,$96.42
11/05/2020,11/05/2020,11/05/2020,Margin,,ACH Deposit,ACH,--,,$300.00,N,$456.42
11/05/2020,11/05/2020,11/06/2020,Margin,WDAY,WDAY 2020-11-06 Call $240.00,BTO,5,$0.61,($305.00),N,$156.42
11/05/2020,11/05/2020,11/05/2020,Margin,,ACH Deposit,ACH,--,,$300.00,N,$461.42
11/05/2020,11/05/2020,11/05/2020,Sweep,,FDIC Sweep Start of Day Movement,FSWP,--,,$150.00,N,$161.42
11/05/2020,11/05/2020,11/05/2020,Margin,,FDIC Sweep Start of Day Movement,FSWP,--,,($150.00),N,$11.42
11/04/2020,11/04/2020,11/05/2020,Margin,BAC,BAC 2020-11-06 Put $22.00,BTO,19,$0.08,($152.00),N,$161.42
11/04/2020,11/04/2020,11/05/2020,Margin,BAC,BAC 2020-11-06 Put $22.00,BTO,31,$0.08,($248.00),N,$313.42
11/04/2020,11/04/2020,11/04/2020,Margin,,ACH Deposit,ACH,--,,$550.00,N,$561.42
11/02/2020,11/02/2020,11/02/2020,Margin,,FDIC Sweep Start of Day Movement,FSWP,--,,$72.00,N,$11.42
11/02/2020,11/02/2020,11/02/2020,Sweep,,FDIC Sweep Start of Day Movement,FSWP,--,,($72.00),N,($60.58)
10/30/2020,10/30/2020,11/02/2020,Margin,--,Option Expiration for JD 2020-10-30 call $85.00,OEXP,8S,,--,N,$11.42
10/30/2020,10/30/2020,11/02/2020,Margin,--,Option Expiration for BIDU 2020-10-30 call $140.00,OEXP,10S,,--,N,$11.42
10/30/2020,10/30/2020,10/30/2020,Sweep,,Interest Payment,INT,--,,$0.06,N,$11.42
10/30/2020,10/30/2020,11/02/2020,Margin,BAC,BAC 2020-11-06 Put $22.00,BTO,1,$0.21,($21.00),N,$11.36
10/30/2020,10/30/2020,11/02/2020,Margin,BAC,BAC 2020-11-06 Put $22.00,BTO,9,$0.21,($189.00),N,$32.36
10/30/2020,10/30/2020,11/02/2020,Margin,BAC,BAC 2020-11-06 Put $22.00,BTO,10,$0.21,($210.00),N,$221.36
10/30/2020,10/30/2020,11/02/2020,Margin,BAC,BAC 2020-11-06 Put $22.00,BTO,10,$0.21,($210.00),N,$431.36
10/30/2020,10/30/2020,10/30/2020,Margin,,ACH Deposit,ACH,--,,$630.00,N,$641.36
10/30/2020,10/30/2020,11/02/2020,Margin,CERN,CERN 2020-11-20 Call $80.00,BTO,3,$0.12,($36.00),N,$11.36
10/30/2020,10/30/2020,11/02/2020,Margin,CERN,CERN 2020-11-20 Call $80.00,BTO,1,$0.14,($14.00),N,$47.36
10/30/2020,10/30/2020,11/02/2020,Margin,CERN,CERN 2020-11-20 Call $80.00,BTO,1,$0.12,($12.00),N,$61.36
10/30/2020,10/30/2020,11/02/2020,Margin,CERN,CERN 2020-11-20 Call $80.00,BTO,1,$0.10,($10.00),N,$73.36
10/28/2020,10/28/2020,10/28/2020,Margin,,FDIC Sweep Start of Day Movement,FSWP,--,,"$1,196.00",N,$83.36
10/28/2020,10/28/2020,10/28/2020,Sweep,,FDIC Sweep Start of Day Movement,FSWP,--,,"($1,196.00)",N,"($1,112.64)"
10/27/2020,10/27/2020,10/28/2020,Margin,JD,JD 2020-10-30 Call $85.00,BTO,3,$0.62,($186.00),N,$83.36
10/27/2020,10/27/2020,10/27/2020,Margin,,ACH Deposit,ACH,--,,$210.00,N,$269.36
10/27/2020,10/27/2020,10/28/2020,Margin,JD,JD 2020-10-30 Call $85.00,BTO,5,$1.00,($500.00),N,$59.36
10/27/2020,10/27/2020,10/28/2020,Margin,BIDU,BIDU 2020-10-30 Call $140.00,BTO,10,$0.72,($720.00),N,$559.36
10/23/2020,10/23/2020,10/26/2020,Margin,--,Option Expiration for SPLK 2020-10-23 call $225.00,OEXP,2S,,--,N,"$1,279.36"
10/23/2020,10/23/2020,10/23/2020,Sweep,,FDIC Sweep Start of Day Movement,FSWP,--,,"$1,279.36",N,"$1,279.36"
10/23/2020,10/23/2020,10/23/2020,Margin,,FDIC Sweep Start of Day Movement,FSWP,--,,"($1,279.36)",N,$0.00
10/22/2020,10/22/2020,10/23/2020,Margin,SPLK,SPLK 2020-10-23 Call $225.00,BTO,2,$1.25,($250.00),N,"$1,279.36"
10/22/2020,10/22/2020,10/22/2020,Margin,,FDIC Sweep Journal,FSWP,--,,"$1,279.44",N,"$1,529.36"
10/22/2020,10/22/2020,10/22/2020,Sweep,,FDIC Sweep Journal,FSWP,--,,"($1,279.44)",N,$249.92
10/22/2020,10/22/2020,10/22/2020,Margin,,ACH Withdrawal,ACH,--,,"($2,000.00)",N,"$1,529.36"
10/22/2020,10/22/2020,10/23/2020,Margin,SNOW,SNOW 2020-10-23 Call $267.50,STC,-1,$12.50,"$1,249.96",N,"$3,529.36"
10/22/2020,10/22/2020,10/23/2020,Margin,SNOW,SNOW 2020-10-23 Call $270.00,STC,-1,$10.00,$999.96,N,"$2,279.40"
10/22/2020,10/22/2020,10/22/2020,Sweep,,FDIC Sweep Start of Day Movement,FSWP,--,,"$1,279.44",N,"$1,279.44"
10/22/2020,10/22/2020,10/22/2020,Margin,,FDIC Sweep Start of Day Movement,FSWP,--,,"($1,279.44)",N,$0.00
10/21/2020,10/21/2020,10/22/2020,Margin,SNOW,SNOW 2020-10-23 Call $270.00,BTO,1,$2.66,($266.00),N,"$1,279.44"
10/21/2020,10/21/2020,10/21/2020,Margin,,FDIC Sweep Journal,FSWP,--,,$11.64,N,"$1,545.44"
10/21/2020,10/21/2020,10/21/2020,Sweep,,FDIC Sweep Journal,FSWP,--,,($11.64),N,"$1,533.80"
10/21/2020,10/21/2020,10/21/2020,Margin,,ACH Withdrawal,ACH,--,,"($4,000.00)",N,"$1,545.44"
10/21/2020,10/21/2020,10/22/2020,Margin,SNOW,SNOW 2020-10-23 Call $267.50,BTO,1,$4.46,($446.00),N,"$5,545.44"
10/21/2020,10/21/2020,10/22/2020,Margin,SNOW,SNOW 2020-10-23 Call $260.00,STC,-1,$8.50,$849.97,N,"$5,991.44"
10/21/2020,10/21/2020,10/22/2020,Margin,SNOW,SNOW 2020-10-23 Call $260.00,STC,-2,$8.50,"$1,699.95",N,"$5,141.47"
10/21/2020,10/21/2020,10/22/2020,Margin,SNOW,SNOW 2020-10-23 Call $260.00,STC,-1,$8.50,$849.97,N,"$3,441.52"
10/21/2020,10/21/2020,10/22/2020,Margin,SNOW,SNOW 2020-10-23 Call $260.00,STC,-1,$8.60,$859.97,N,"$2,591.55"
10/21/2020,10/21/2020,10/22/2020,Margin,SNOW,SNOW 2020-10-23 Call $260.00,STC,-1,$8.60,$859.97,N,"$1,731.58"
10/21/2020,10/21/2020,10/22/2020,Margin,SNOW,SNOW 2020-10-23 Call $260.00,STC,-1,$8.60,$859.97,N,$871.61
10/21/2020,10/21/2020,10/21/2020,Margin,,FDIC Sweep Start of Day Movement,FSWP,--,,$73.03,N,$11.64
10/21/2020,10/21/2020,10/21/2020,Sweep,,FDIC Sweep Start of Day Movement,FSWP,--,,($73.03),N,($61.39)
10/20/2020,10/20/2020,10/21/2020,Margin,SNOW,SNOW 2020-10-23 Call $260.00,BTO,1,$1.70,($170.00),N,$11.64
10/20/2020,10/20/2020,10/21/2020,Margin,SNOW,SNOW 2020-10-23 Call $260.00,BTO,6,$1.91,"($1,146.00)",N,$181.64
10/20/2020,10/20/2020,10/20/2020,Margin,,ACH Deposit,ACH,--,,$700.00,N,"$1,327.64"
10/20/2020,10/20/2020,10/21/2020,Margin,BYND,BYND 2020-10-23 Call $190.00,STC,-3,$1.81,$542.97,N,$627.64
10/20/2020,10/20/2020,10/20/2020,Margin,,FDIC Sweep Start of Day Movement,FSWP,--,,$571.04,N,$84.67
10/20/2020,10/20/2020,10/20/2020,Sweep,,FDIC Sweep Start of Day Movement,FSWP,--,,($571.04),N,($486.37)
10/19/2020,10/19/2020,10/20/2020,Margin,BYND,BYND 2020-10-23 Call $190.00,BTO,1,$2.57,($257.00),N,$84.67
10/19/2020,10/19/2020,10/20/2020,Margin,BYND,BYND 2020-10-23 Call $190.00,BTO,2,$2.57,($514.00),N,$341.67
10/19/2020,10/19/2020,10/20/2020,Margin,SNOW,SNOW 2020-10-23 Call $260.00,STC,-10,$0.85,$849.96,N,$855.67
10/19/2020,10/19/2020,10/20/2020,Margin,SNOW,SNOW 2020-10-23 Call $260.00,BTO,10,$1.15,"($1,150.00)",N,$5.71
10/19/2020,10/19/2020,10/19/2020,Margin,,ACH Deposit,ACH,--,,$500.00,N,"$1,155.71"
10/19/2020,10/19/2020,10/19/2020,Sweep,,FDIC Sweep Start of Day Movement,FSWP,--,,$549.97,N,$655.71
10/19/2020,10/19/2020,10/19/2020,Margin,,FDIC Sweep Start of Day Movement,FSWP,--,,($549.97),N,$105.74
10/16/2020,10/16/2020,10/19/2020,Margin,--,Option Expiration for SNOW 2020-10-16 call $260.00,OEXP,10S,,--,N,$655.71
10/16/2020,10/16/2020,10/19/2020,Margin,--,Option Expiration for UBER 2020-10-16 call $40.00,OEXP,50S,,--,N,$655.71
10/16/2020,10/16/2020,10/19/2020,Margin,ADSK,ADSK 2020-10-16 Call $260.00,STC,-5,$1.10,$549.97,N,$655.71
10/16/2020,10/16/2020,10/16/2020,Sweep,,FDIC Sweep Start of Day Movement,FSWP,--,,$15.00,N,$105.74
10/16/2020,10/16/2020,10/16/2020,Margin,,FDIC Sweep Start of Day Movement,FSWP,--,,($15.00),N,$90.74
10/15/2020,10/15/2020,10/15/2020,Margin,,ACH Deposit,ACH,--,,$200.00,N,$105.74
10/15/2020,10/15/2020,10/16/2020,Margin,ADSK,ADSK 2020-10-16 Call $260.00,BTO,5,$0.37,($185.00),N,($94.26)
10/13/2020,10/13/2020,10/13/2020,Margin,,FDIC Sweep Journal,FSWP,--,,$5.00,N,$90.74
10/13/2020,10/13/2020,10/13/2020,Sweep,,FDIC Sweep Journal,FSWP,--,,($5.00),N,$85.74
10/13/2020,10/13/2020,10/13/2020,Margin,,Gold Fee,GOLD,--,,($5.00),N,$90.74
10/13/2020,10/13/2020,10/13/2020,Sweep,,FDIC Sweep Start of Day Movement,FSWP,--,,$30.00,N,$95.74
10/13/2020,10/13/2020,10/13/2020,Margin,,FDIC Sweep Start of Day Movement,FSWP,--,,($30.00),N,$65.74
10/12/2020,10/12/2020,10/13/2020,Margin,SNOW,SNOW 2020-10-16 Call $260.00,BTO,10,$0.82,($820.00),N,$95.74
10/12/2020,10/12/2020,10/12/2020,Margin,,ACH Deposit,ACH,--,,$850.00,N,$915.74
10/09/2020,10/09/2020,10/12/2020,Margin,--,Option Expiration for UBER 2020-10-09 call $41.00,OEXP,100S,,--,N,$65.74
10/09/2020,10/09/2020,10/12/2020,Margin,--,Option Expiration for UBER 2020-10-09 call $40.00,OEXP,100S,,--,N,$65.74
10/09/2020,10/09/2020,10/12/2020,Margin,--,Option Expiration for AMGN 2020-10-09 call $260.00,OEXP,10S,,--,N,$65.74
10/09/2020,10/09/2020,10/12/2020,Margin,UBER,UBER 2020-10-16 Call $40.00,BTO,6,$0.15,($90.00),N,$65.74
10/09/2020,10/09/2020,10/12/2020,Margin,UBER,UBER 2020-10-16 Call $40.00,BTO,9,$0.15,($135.00),N,$155.74
10/09/2020,10/09/2020,10/12/2020,Margin,UBER,UBER 2020-10-16 Call $40.00,BTO,4,$0.15,($60.00),N,$290.74
10/09/2020,10/09/2020,10/12/2020,Margin,UBER,UBER 2020-10-16 Call $40.00,BTO,8,$0.15,($120.00),N,$350.74
10/09/2020,10/09/2020,10/12/2020,Margin,UBER,UBER 2020-10-16 Call $40.00,BTO,3,$0.15,($45.00),N,$470.74
10/09/2020,10/09/2020,10/12/2020,Margin,UBER,UBER 2020-10-16 Call $40.00,BTO,20,$0.15,($300.00),N,$515.74
10/09/2020,10/09/2020,10/09/2020,Margin,,ACH Deposit,ACH,--,,$750.00,N,$815.74
10/09/2020,10/09/2020,10/09/2020,Sweep,,FDIC Sweep Start of Day Movement,FSWP,--,,$16.00,N,$65.74
10/09/2020,10/09/2020,10/09/2020,Margin,,FDIC Sweep Start of Day Movement,FSWP,--,,($16.00),N,$49.74
10/08/2020,10/08/2020,10/09/2020,Margin,UBER,UBER 2020-10-09 Call $40.00,BTO,69,$0.04,($276.00),N,$65.74
10/08/2020,10/08/2020,10/09/2020,Margin,UBER,UBER 2020-10-09 Call $40.00,BTO,2,$0.04,($8.00),N,$341.74
10/08/2020,10/08/2020,10/09/2020,Margin,UBER,UBER 2020-10-09 Call $40.00,BTO,13,$0.04,($52.00),N,$349.74
10/08/2020,10/08/2020,10/09/2020,Margin,UBER,UBER 2020-10-09 Call $40.00,BTO,8,$0.04,($32.00),N,$401.74
10/08/2020,10/08/2020,10/08/2020,Margin,,ACH Deposit,ACH,--,,$400.00,N,$433.74
10/08/2020,10/08/2020,10/09/2020,Margin,UBER,UBER 2020-10-09 Call $40.00,BTO,7,$0.02,($14.00),N,$33.74
10/08/2020,10/08/2020,10/09/2020,Margin,UBER,UBER 2020-10-09 Call $40.00,BTO,1,$0.02,($2.00),N,$47.74
10/08/2020,10/08/2020,10/08/2020,Margin,,FDIC Sweep Start of Day Movement,FSWP,--,,$80.00,N,$49.74
10/08/2020,10/08/2020,10/08/2020,Sweep,,FDIC Sweep Start of Day Movement,FSWP,--,,($80.00),N,($30.26)
10/07/2020,10/07/2020,10/08/2020,Margin,AMGN,AMGN 2020-10-09 Call $260.00,BTO,10,$0.83,($830.00),N,$49.74
10/07/2020,10/07/2020,10/07/2020,Margin,,ACH Deposit,ACH,--,,$750.00,N,$879.74
10/05/2020,10/05/2020,10/05/2020,Margin,,FDIC Sweep Start of Day Movement,FSWP,--,,$200.00,N,$129.74
10/05/2020,10/05/2020,10/05/2020,Sweep,,FDIC Sweep Start of Day Movement,FSWP,--,,($200.00),N,($70.26)
10/02/2020,10/02/2020,10/05/2020,Margin,--,Option Expiration for MDB 2020-10-02 call $240.00,OEXP,6S,,--,N,$129.74
10/02/2020,10/02/2020,10/05/2020,Margin,--,Option Expiration for BIDU 2020-10-02 call $130.00,OEXP,35S,,--,N,$129.74
10/02/2020,10/02/2020,10/05/2020,Margin,UBER,UBER 2020-10-09 Call $41.00,BTO,100,$0.09,($900.00),N,$129.74
10/02/2020,10/02/2020,10/02/2020,Margin,,ACH Deposit,ACH,--,,$700.00,N,"$1,029.74"
10/01/2020,10/01/2020,10/01/2020,Sweep,,FDIC Sweep Start of Day Movement,FSWP,--,,$195.00,N,$329.74
10/01/2020,10/01/2020,10/01/2020,Margin,,FDIC Sweep Start of Day Movement,FSWP,--,,($195.00),N,$134.74
09/30/2020,09/30/2020,09/30/2020,Sweep,,Interest Payment,INT,--,,$0.19,N,$329.74
09/30/2020,09/30/2020,09/30/2020,Margin,,ACH Deposit,ACH,--,,"$1,700.00",N,$329.55
09/30/2020,09/30/2020,10/01/2020,Margin,BIDU,BIDU 2020-10-02 Call $130.00,BTO,17,$0.43,($731.00),N,"($1,370.45)"
09/30/2020,09/30/2020,10/01/2020,Margin,BIDU,BIDU 2020-10-02 Call $130.00,BTO,18,$0.43,($774.00),N,($639.45)
09/30/2020,09/30/2020,09/30/2020,Sweep,,FDIC Sweep Start of Day Movement,FSWP,--,,$99.88,N,$134.55
09/30/2020,09/30/2020,09/30/2020,Margin,,FDIC Sweep Start of Day Movement,FSWP,--,,($99.88),N,$34.67
09/29/2020,09/29/2020,09/30/2020,Margin,MDB,MDB 2020-10-02 Call $240.00,BTO,3,$1.97,($591.00),N,$134.55
09/29/2020,09/29/2020,09/30/2020,Margin,MDB,MDB 2020-10-02 Call $240.00,BTO,1,$1.97,($197.00),N,$725.55
09/29/2020,09/29/2020,09/30/2020,Margin,MDB,MDB 2020-10-02 Call $240.00,BTO,1,$1.96,($196.00),N,$922.55
09/29/2020,09/29/2020,09/30/2020,Margin,MDB,MDB 2020-10-02 Call $240.00,BTO,1,$1.96,($196.00),N,"$1,118.55"
09/29/2020,09/29/2020,09/30/2020,Margin,BIDU,BIDU 2020-10-02 Call $130.00,STC,-6,$0.32,$191.98,N,"$1,314.55"
09/29/2020,09/29/2020,09/30/2020,Margin,BIDU,BIDU 2020-10-02 Call $130.00,STC,-34,$0.32,"$1,087.90",N,"$1,122.57"
09/29/2020,09/29/2020,09/29/2020,Sweep,,FDIC Sweep Start of Day Movement,FSWP,--,,$34.67,N,$34.67
09/29/2020,09/29/2020,09/29/2020,Margin,,FDIC Sweep Start of Day Movement,FSWP,--,,($34.67),N,$0.00
09/28/2020,09/28/2020,09/29/2020,Margin,BIDU,BIDU 2020-10-02 Call $130.00,BTO,20,$0.45,($900.00),N,$34.67
09/28/2020,09/28/2020,09/29/2020,Margin,BIDU,BIDU 2020-10-02 Call $130.00,BTO,6,$0.47,($282.00),N,$934.67
09/28/2020,09/28/2020,09/29/2020,Margin,BIDU,BIDU 2020-10-02 Call $130.00,BTO,1,$0.47,($47.00),N,"$1,216.67"
09/28/2020,09/28/2020,09/29/2020,Margin,BIDU,BIDU 2020-10-02 Call $130.00,BTO,1,$0.47,($47.00),N,"$1,263.67"
09/28/2020,09/28/2020,09/29/2020,Margin,BIDU,BIDU 2020-10-02 Call $130.00,BTO,1,$0.47,($47.00),N,"$1,310.67"
09/28/2020,09/28/2020,09/29/2020,Margin,BIDU,BIDU 2020-10-02 Call $130.00,BTO,1,$0.47,($47.00),N,"$1,357.67"
09/28/2020,09/28/2020,09/29/2020,Margin,BIDU,BIDU 2020-10-02 Call $130.00,BTO,3,$0.47,($141.00),N,"$1,404.67"
09/28/2020,09/28/2020,09/29/2020,Margin,BIDU,BIDU 2020-10-02 Call $130.00,BTO,3,$0.47,($141.00),N,"$1,545.67"
09/28/2020,09/28/2020,09/29/2020,Margin,BIDU,BIDU 2020-10-02 Call $130.00,BTO,4,$0.47,($188.00),N,"$1,686.67"
09/28/2020,09/28/2020,09/28/2020,Margin,,FDIC Sweep Journal,FSWP,--,,$124.77,N,"$1,874.67"
09/28/2020,09/28/2020,09/28/2020,Sweep,,FDIC Sweep Journal,FSWP,--,,($124.77),N,"$1,749.90"
09/28/2020,09/28/2020,09/28/2020,Margin,,ACH Withdrawal,ACH,--,,"($1,500.00)",N,"$1,874.67"
09/28/2020,09/28/2020,09/29/2020,Margin,UPS,UPS 2020-10-02 Call $165.00,STC,-1,$6.50,$649.97,N,"$3,374.67"
09/28/2020,09/28/2020,09/29/2020,Margin,UPS,UPS 2020-10-02 Call $165.00,STC,-4,$6.50,"$2,599.93",N,"$2,724.70"
09/28/2020,09/28/2020,09/28/2020,Margin,,FDIC Sweep Start of Day Movement,FSWP,--,,$501.00,N,$124.77
09/28/2020,09/28/2020,09/28/2020,Sweep,,FDIC Sweep Start of Day Movement,FSWP,--,,($501.00),N,($376.23)
09/25/2020,09/25/2020,09/28/2020,Margin,--,Option Expiration for UPS 2020-09-25 call $167.50,OEXP,3S,,--,N,$124.77
09/25/2020,09/25/2020,09/28/2020,Margin,UPS,UPS 2020-10-02 Call $165.00,BTO,1,$2.21,($221.00),N,$124.77
09/25/2020,09/25/2020,09/28/2020,Margin,UPS,UPS 2020-10-02 Call $165.00,BTO,2,$2.20,($440.00),N,$345.77
09/25/2020,09/25/2020,09/28/2020,Margin,UPS,UPS 2020-10-02 Call $165.00,BTO,2,$2.20,($440.00),N,$785.77
09/25/2020,09/25/2020,09/25/2020,Margin,,ACH Deposit,ACH,--,,$600.00,N,"$1,225.77"
09/25/2020,09/25/2020,09/25/2020,Sweep,,FDIC Sweep Start of Day Movement,FSWP,--,,$304.90,N,$625.77
09/25/2020,09/25/2020,09/25/2020,Margin,,FDIC Sweep Start of Day Movement,FSWP,--,,($304.90),N,$320.87
09/24/2020,09/24/2020,09/25/2020,Margin,DDOG,DDOG 2020-09-25 Call $90.00,STC,-3,$1.06,$317.98,N,$625.77
09/24/2020,09/24/2020,09/25/2020,Margin,DDOG,DDOG 2020-09-25 Call $90.00,STC,-2,$1.06,$211.98,N,$307.79
09/24/2020,09/24/2020,09/25/2020,Margin,DDOG,DDOG 2020-09-25 Call $90.00,BTO,5,$1.45,($725.00),N,$95.81
09/24/2020,09/24/2020,09/25/2020,Margin,DDOG,DDOG 2020-09-25 Call $90.00,STC,-2,$0.50,$99.98,N,$820.81
09/24/2020,09/24/2020,09/25/2020,Margin,DDOG,DDOG 2020-09-25 Call $90.00,STC,-6,$0.50,$299.98,N,$720.83
09/24/2020,09/24/2020,09/25/2020,Margin,DDOG,DDOG 2020-09-25 Call $90.00,STC,-2,$0.50,$99.98,N,$420.85
09/24/2020,09/24/2020,09/24/2020,Margin,,FDIC Sweep Start of Day Movement,FSWP,--,,$201.00,N,$320.87
09/24/2020,09/24/2020,09/24/2020,Sweep,,FDIC Sweep Start of Day Movement,FSWP,--,,($201.00),N,$119.87
09/23/2020,09/23/2020,09/24/2020,Margin,UPS,UPS 2020-09-25 Call $167.50,BTO,3,$0.67,($201.00),N,$320.87
09/23/2020,09/23/2020,09/23/2020,Margin,,FDIC Sweep Start of Day Movement,FSWP,--,,$236.04,N,$521.87
09/23/2020,09/23/2020,09/23/2020,Sweep,,FDIC Sweep Start of Day Movement,FSWP,--,,($236.04),N,$285.83
09/22/2020,09/22/2020,09/23/2020,Margin,DDOG,DDOG 2020-09-25 Call $90.00,BTO,5,$2.03,"($1,015.00)",N,$521.87
09/22/2020,09/22/2020,09/23/2020,Margin,DDOG,DDOG 2020-09-25 Call $90.00,BTO,5,$0.89,($445.00),N,"$1,536.87"
09/22/2020,09/22/2020,09/23/2020,Margin,FSLY,FSLY 2020-09-25 Call $90.00,STC,-4,$3.06,"$1,223.96",N,"$1,981.87"
09/22/2020,09/22/2020,09/22/2020,Margin,,FDIC Sweep Start of Day Movement,FSWP,--,,$232.08,N,$757.91
09/22/2020,09/22/2020,09/22/2020,Sweep,,FDIC Sweep Start of Day Movement,FSWP,--,,($232.08),N,$525.83
09/21/2020,09/21/2020,09/22/2020,Margin,FSLY,FSLY 2020-09-25 Call $90.00,BTO,4,$3.40,"($1,360.00)",N,$757.91
09/21/2020,09/21/2020,09/22/2020,Margin,FSLY,FSLY 2020-09-25 Call $90.00,STC,-1,$5.12,$511.97,N,"$2,117.91"
09/21/2020,09/21/2020,09/22/2020,Margin,FSLY,FSLY 2020-09-25 Call $90.00,STC,-3,$5.12,"$1,535.95",N,"$1,605.94"
09/21/2020,09/21/2020,09/22/2020,Margin,FSLY,FSLY 2020-09-25 Call $90.00,BTO,1,$2.30,($230.00),N,$69.99
09/21/2020,09/21/2020,09/22/2020,Margin,FSLY,FSLY 2020-09-25 Call $90.00,BTO,1,$2.30,($230.00),N,$299.99
09/21/2020,09/21/2020,09/22/2020,Margin,FSLY,FSLY 2020-09-25 Call $90.00,BTO,2,$2.30,($460.00),N,$529.99
09/21/2020,09/21/2020,09/21/2020,Sweep,,FDIC Sweep Start of Day Movement,FSWP,--,,$950.00,N,$989.99
09/21/2020,09/21/2020,09/21/2020,Margin,,FDIC Sweep Start of Day Movement,FSWP,--,,($950.00),N,$39.99
09/18/2020,09/18/2020,09/21/2020,Margin,--,Option Expiration for UBER 2020-09-18 call $38.00,OEXP,25S,,--,N,$989.99
09/18/2020,09/18/2020,09/21/2020,Margin,--,Option Expiration for CERN 2020-09-18 call $77.50,OEXP,5S,,--,N,$989.99
09/18/2020,09/18/2020,09/21/2020,Margin,--,Option Expiration for CERN 2020-09-18 call $80.00,OEXP,10S,,--,N,$989.99
09/18/2020,09/18/2020,09/18/2020,Margin,,ACH Deposit,ACH,--,,$950.00,N,$989.99
09/15/2020,09/15/2020,09/15/2020,Margin,,FDIC Sweep Journal,FSWP,--,,"$2,100.00",N,$39.99
09/15/2020,09/15/2020,09/15/2020,Sweep,,FDIC Sweep Journal,FSWP,--,,"($2,100.00)",N,"($2,060.01)"
09/15/2020,09/15/2020,09/15/2020,Margin,,ACH Withdrawal,ACH,--,,"($2,100.00)",N,$39.99
09/14/2020,09/14/2020,09/14/2020,Margin,,FDIC Sweep Journal,FSWP,--,,$5.00,N,"$2,139.99"
09/14/2020,09/14/2020,09/14/2020,Sweep,,FDIC Sweep Journal,FSWP,--,,($5.00),N,"$2,134.99"
09/14/2020,09/14/2020,09/14/2020,Margin,,Gold Fee,GOLD,--,,($5.00),N,"$2,139.99"
09/14/2020,09/14/2020,09/14/2020,Sweep,,FDIC Sweep Start of Day Movement,FSWP,--,,"$1,994.80",N,"$2,144.99"
09/14/2020,09/14/2020,09/14/2020,Margin,,FDIC Sweep Start of Day Movement,FSWP,--,,"($1,994.80)",N,$150.19
09/11/2020,09/11/2020,09/14/2020,Margin,UBER,UBER 2020-09-18 Call $38.00,BTO,25,$0.57,"($1,425.00)",N,"$2,144.99"
09/11/2020,09/11/2020,09/14/2020,Margin,UBER,UBER 2020-09-11 Call $36.00,STC,-60,$0.57,"$3,419.80",N,"$3,569.99"
09/09/2020,09/09/2020,09/09/2020,Margin,,FDIC Sweep Start of Day Movement,FSWP,--,,"$1,380.02",N,$150.19
09/09/2020,09/09/2020,09/09/2020,Sweep,,FDIC Sweep Start of Day Movement,FSWP,--,,"($1,380.02)",N,"($1,229.83)"
09/08/2020,09/08/2020,09/09/2020,Margin,UBER,UBER 2020-09-11 Call $36.00,BTO,9,$0.29,($261.00),N,$150.19
09/08/2020,09/08/2020,09/09/2020,Margin,UBER,UBER 2020-09-11 Call $36.00,BTO,9,$0.29,($261.00),N,$411.19
09/08/2020,09/08/2020,09/09/2020,Margin,UBER,UBER 2020-09-11 Call $36.00,BTO,12,$0.29,($348.00),N,$672.19
09/08/2020,09/08/2020,09/09/2020,Margin,UBER,UBER 2020-09-11 Call $36.00,BTO,30,$0.32,($960.00),N,"$1,020.19"
09/08/2020,09/08/2020,09/09/2020,Margin,GS,GS 2020-09-11 Call $215.00,STC,-6,$0.75,$449.98,N,"$1,980.19"
09/08/2020,09/08/2020,09/08/2020,Margin,,FDIC Sweep Start of Day Movement,FSWP,--,,"$1,500.00",N,"$1,530.21"
09/08/2020,09/08/2020,09/08/2020,Sweep,,FDIC Sweep Start of Day Movement,FSWP,--,,"($1,500.00)",N,$30.21
09/04/2020,09/04/2020,09/08/2020,Margin,--,Option Expiration for ALGN 2020-09-04 call $330.00,OEXP,2S,,--,N,"$1,530.21"
09/04/2020,09/04/2020,09/08/2020,Margin,--,Option Expiration for ULTA 2020-09-04 call $260.00,OEXP,7S,,--,N,"$1,530.21"
09/04/2020,09/04/2020,09/08/2020,Margin,GS,GS 2020-09-11 Call $215.00,BTO,6,$2.50,"($1,500.00)",N,"$1,530.21"
09/04/2020,09/04/2020,09/04/2020,Sweep,,FDIC Sweep Start of Day Movement,FSWP,--,,$245.96,N,"$3,030.21"
09/04/2020,09/04/2020,09/04/2020,Margin,,FDIC Sweep Start of Day Movement,FSWP,--,,($245.96),N,"$2,784.25"
09/03/2020,09/03/2020,09/04/2020,Margin,GS,GS 2020-09-04 Call $215.00,STC,-5,$0.41,$204.98,N,"$3,030.21"
09/03/2020,09/03/2020,09/04/2020,Margin,GS,GS 2020-09-04 Call $215.00,STC,-1,$0.41,$40.98,N,"$2,825.23"
09/03/2020,09/03/2020,09/03/2020,Sweep,,FDIC Sweep Start of Day Movement,FSWP,--,,"$2,783.87",N,"$2,784.25"
09/03/2020,09/03/2020,09/03/2020,Margin,,FDIC Sweep Start of Day Movement,FSWP,--,,"($2,783.87)",N,$0.38
09/02/2020,09/02/2020,09/03/2020,Margin,GS,GS 2020-09-04 Call $215.00,BTO,2,$0.70,($140.00),N,"$2,784.25"
09/02/2020,09/02/2020,09/03/2020,Margin,GS,GS 2020-09-04 Call $215.00,BTO,1,$0.70,($70.00),N,"$2,924.25"
09/02/2020,09/02/2020,09/03/2020,Margin,ALGN,ALGN 2020-09-04 Call $330.00,BTO,2,$2.80,($560.00),N,"$2,994.25"
09/02/2020,09/02/2020,09/03/2020,Margin,ALGN,ALGN 2020-09-04 Call $315.00,STC,-3,$8.90,"$2,669.93",N,"$3,554.25"
09/02/2020,09/02/2020,09/03/2020,Margin,GS,GS 2020-09-04 Call $215.00,BTO,1,$0.47,($47.00),N,$884.32
09/02/2020,09/02/2020,09/03/2020,Margin,GS,GS 2020-09-04 Call $215.00,BTO,1,$0.47,($47.00),N,$931.32
09/02/2020,09/02/2020,09/03/2020,Margin,GS,GS 2020-09-04 Call $215.00,BTO,1,$0.47,($47.00),N,$978.32
09/02/2020,09/02/2020,09/03/2020,Margin,CERN,CERN 2020-09-18 Call $77.50,BTO,5,$0.75,($375.00),N,"$1,025.32"
09/02/2020,09/02/2020,09/03/2020,Margin,WKHS,WKHS 2020-09-04 Call $20.00,STC,-5,$1.40,$699.97,N,"$1,400.32"
09/02/2020,09/02/2020,09/03/2020,Margin,WKHS,WKHS 2020-09-04 Call $20.00,STC,-5,$1.40,$699.97,N,$700.35
09/02/2020,09/02/2020,09/02/2020,Margin,,FDIC Sweep Start of Day Movement,FSWP,--,,$24.03,N,$0.38
09/02/2020,09/02/2020,09/02/2020,Sweep,,FDIC Sweep Start of Day Movement,FSWP,--,,($24.03),N,($23.65)
09/01/2020,09/01/2020,09/01/2020,Margin,,ACH Deposit,ACH,--,,$500.00,N,$0.38
09/01/2020,09/01/2020,09/02/2020,Margin,WKHS,WKHS 2020-09-04 Call $20.00,BTO,5,$0.50,($250.00),N,($499.62)
09/01/2020,09/01/2020,09/02/2020,Margin,WKHS,WKHS 2020-09-04 Call $20.00,BTO,5,$0.50,($250.00),N,($249.62)
09/01/2020,09/01/2020,09/01/2020,Margin,,ACH Deposit,ACH,--,,$60.00,N,$0.38
09/01/2020,09/01/2020,09/02/2020,Margin,ALGN,ALGN 2020-09-04 Call $315.00,BTO,1,$2.00,($200.00),N,($59.62)
09/01/2020,09/01/2020,09/02/2020,Margin,ALGN,ALGN 2020-09-04 Call $315.00,BTO,1,$2.00,($200.00),N,$140.38
09/01/2020,09/01/2020,09/02/2020,Margin,ALGN,ALGN 2020-09-04 Call $315.00,BTO,1,$2.00,($200.00),N,$340.38
09/01/2020,09/01/2020,09/02/2020,Margin,BYND,BYND 2020-09-04 Call $140.00,STC,-4,$1.29,$515.97,N,$540.38
09/01/2020,09/01/2020,09/01/2020,Sweep,,FDIC Sweep Start of Day Movement,FSWP,--,,$12.00,N,$24.41
09/01/2020,09/01/2020,09/01/2020,Margin,,FDIC Sweep Start of Day Movement,FSWP,--,,($12.00),N,$12.41
08/31/2020,08/31/2020,08/31/2020,Sweep,,Interest Payment,INT,--,,$0.06,N,$24.41
08/31/2020,08/31/2020,09/01/2020,Margin,BYND,BYND 2020-09-04 Call $140.00,BTO,4,$2.62,"($1,048.00)",N,$24.35
08/31/2020,08/31/2020,08/31/2020,Margin,,ACH Deposit,ACH,--,,$30.00,N,"$1,072.35"
08/31/2020,08/31/2020,08/31/2020,Margin,,ACH Deposit,ACH,--,,"$1,030.00",N,"$1,042.35"
08/31/2020,08/31/2020,08/31/2020,Margin,,FDIC Sweep Start of Day Movement,FSWP,--,,"$1,208.00",N,$12.35
08/31/2020,08/31/2020,08/31/2020,Sweep,,FDIC Sweep Start of Day Movement,FSWP,--,,"($1,208.00)",N,"($1,195.65)"
08/28/2020,08/28/2020,08/31/2020,Margin,--,Option Expiration for ALGN 2020-08-28 call $317.50,OEXP,5S,,--,N,$12.35
08/28/2020,08/28/2020,08/31/2020,Margin,ULTA,ULTA 2020-09-04 Call $260.00,BTO,2,$1.47,($294.00),N,$12.35
08/28/2020,08/28/2020,08/31/2020,Margin,ULTA,ULTA 2020-09-04 Call $260.00,BTO,1,$1.50,($150.00),N,$306.35
08/28/2020,08/28/2020,08/31/2020,Margin,ULTA,ULTA 2020-09-04 Call $260.00,BTO,1,$1.49,($149.00),N,$456.35
08/28/2020,08/28/2020,08/31/2020,Margin,ULTA,ULTA 2020-09-04 Call $260.00,BTO,3,$2.05,($615.00),N,$605.35
08/28/2020,08/28/2020,08/28/2020,Margin,,FDIC Sweep Start of Day Movement,FSWP,--,,$390.00,N,"$1,220.35"
08/28/2020,08/28/2020,08/28/2020,Sweep,,FDIC Sweep Start of Day Movement,FSWP,--,,($390.00),N,$830.35
08/27/2020,08/27/2020,08/28/2020,Margin,CERN,CERN 2020-09-18 Call $80.00,BTO,5,$0.14,($70.00),N,"$1,220.35"
08/27/2020,08/27/2020,08/28/2020,Margin,CERN,CERN 2020-09-18 Call $80.00,BTO,5,$0.14,($70.00),N,"$1,290.35"
08/27/2020,08/27/2020,08/28/2020,Margin,ALGN,ALGN 2020-08-28 Call $317.50,BTO,5,$0.50,($250.00),N,"$1,360.35"
08/27/2020,08/27/2020,08/27/2020,Sweep,,FDIC Sweep Start of Day Movement,FSWP,--,,"$1,505.93",N,"$1,610.35"
08/27/2020,08/27/2020,08/27/2020,Margin,,FDIC Sweep Start of Day Movement,FSWP,--,,"($1,505.93)",N,$104.42
08/26/2020,08/26/2020,08/26/2020,Sweep,,Interest Payment,INT,--,,$0.05,N,"$1,610.35"
08/26/2020,08/26/2020,08/27/2020,Margin,MSFT,MSFT 2020-08-28 Call $217.50,STC,-4,$2.51,"$1,003.96",N,"$1,610.30"
08/26/2020,08/26/2020,08/27/2020,Margin,MSFT,MSFT 2020-08-28 Call $217.50,STC,-2,$2.51,$501.97,N,$606.34
08/26/2020,08/26/2020,08/26/2020,Margin,,FDIC Sweep Start of Day Movement,FSWP,--,,$688.00,N,$104.37
08/26/2020,08/26/2020,08/26/2020,Sweep,,FDIC Sweep Start of Day Movement,FSWP,--,,($688.00),N,($583.63)
08/25/2020,08/25/2020,08/26/2020,Margin,MSFT,MSFT 2020-08-28 Call $217.50,BTO,6,$1.21,($726.00),N,$104.37
08/25/2020,08/25/2020,08/25/2020,Margin,,ACH Deposit,ACH,--,,$10.00,N,$830.37
08/25/2020,08/25/2020,08/25/2020,Margin,,ACH Deposit,ACH,--,,$20.00,N,$820.37
08/25/2020,08/25/2020,08/25/2020,Margin,,ACH Deposit,ACH,--,,$8.00,N,$800.37
08/25/2020,08/25/2020,08/25/2020,Sweep,,FDIC Sweep Start of Day Movement,FSWP,--,,$779.97,N,$792.37
08/25/2020,08/25/2020,08/25/2020,Margin,,FDIC Sweep Start of Day Movement,FSWP,--,,($779.97),N,$12.40
08/24/2020,08/24/2020,08/25/2020,Margin,NTES,NTES 2020-08-28 Call $495.00,STC,-2,$3.90,$779.97,N,$792.37
08/24/2020,08/24/2020,08/24/2020,Margin,,FDIC Sweep Start of Day Movement,FSWP,--,,$888.02,N,$12.40
08/24/2020,08/24/2020,08/24/2020,Sweep,,FDIC Sweep Start of Day Movement,FSWP,--,,($888.02),N,($875.62)
08/21/2020,08/21/2020,08/24/2020,Margin,NTES,NTES 2020-08-28 Call $495.00,BTO,2,$4.50,($900.00),N,$12.40
08/21/2020,08/21/2020,08/24/2020,Margin,V,V 2020-08-21 Call $205.00,STC,-1,$0.12,$11.98,N,$912.40
08/21/2020,08/21/2020,08/21/2020,Sweep,,FDIC Sweep Start of Day Movement,FSWP,--,,$789.93,N,$900.42
08/21/2020,08/21/2020,08/21/2020,Margin,,FDIC Sweep Start of Day Movement,FSWP,--,,($789.93),N,$110.49
08/20/2020,08/20/2020,08/20/2020,Margin,,ACH Withdrawal,ACH,--,,"($1,200.00)",N,$900.42
08/20/2020,08/20/2020,08/21/2020,Margin,V,V 2020-08-21 Call $205.00,BTO,1,$0.60,($60.00),N,"$2,100.42"
08/20/2020,08/20/2020,08/21/2020,Margin,V,V 2020-08-21 Call $202.50,STC,-10,$2.05,"$2,049.93",N,"$2,160.42"
08/20/2020,08/20/2020,08/20/2020,Margin,,FDIC Sweep Start of Day Movement,FSWP,--,,$630.00,N,$110.49
08/20/2020,08/20/2020,08/20/2020,Sweep,,FDIC Sweep Start of Day Movement,FSWP,--,,($630.00),N,($519.51)
08/19/2020,08/19/2020,08/20/2020,Margin,V,V 2020-08-21 Call $202.50,BTO,1,$0.63,($63.00),N,$110.49
08/19/2020,08/19/2020,08/20/2020,Margin,V,V 2020-08-21 Call $202.50,BTO,4,$0.63,($252.00),N,$173.49
08/19/2020,08/19/2020,08/20/2020,Margin,V,V 2020-08-21 Call $202.50,BTO,5,$0.63,($315.00),N,$425.49
08/19/2020,08/19/2020,08/19/2020,Sweep,,FDIC Sweep Start of Day Movement,FSWP,--,,$740.49,N,$740.49
08/19/2020,08/19/2020,08/19/2020,Margin,,FDIC Sweep Start of Day Movement,FSWP,--,,($740.49),N,$0.00
08/18/2020,08/18/2020,08/18/2020,Margin,,FDIC Sweep Journal,FSWP,--,,$0.59,N,$740.49
08/18/2020,08/18/2020,08/18/2020,Sweep,,FDIC Sweep Journal,FSWP,--,,($0.59),N,$739.90
08/18/2020,08/18/2020,08/18/2020,Margin,,ACH Withdrawal,ACH,--,,"($3,000.00)",N,$740.49
08/18/2020,08/18/2020,08/19/2020,Margin,AMZN,"AMZN 2020-08-21 Call $3,300.00",STC,-1,$37.40,"$3,739.90",N,"$3,740.49"
08/17/2020,08/17/2020,08/17/2020,Margin,,FDIC Sweep Start of Day Movement,FSWP,--,,$850.00,N,$0.59
08/17/2020,08/17/2020,08/17/2020,Sweep,,FDIC Sweep Start of Day Movement,FSWP,--,,($850.00),N,($849.41)
08/14/2020,08/14/2020,08/17/2020,Margin,--,Option Expiration for CSIQ 2020-08-14 call $27.00,OEXP,15S,,--,N,$0.59
08/14/2020,08/14/2020,08/17/2020,Margin,--,Option Expiration for CSIQ 2020-08-14 call $26.00,OEXP,10S,,--,N,$0.59
08/14/2020,08/14/2020,08/17/2020,Margin,AMZN,"AMZN 2020-08-21 Call $3,300.00",BTO,1,$8.50,($850.00),N,$0.59
08/14/2020,08/14/2020,08/14/2020,Margin,,FDIC Sweep Journal,FSWP,--,,$5.00,N,$850.59
08/14/2020,08/14/2020,08/14/2020,Sweep,,FDIC Sweep Journal,FSWP,--,,($5.00),N,$845.59
08/14/2020,08/14/2020,08/14/2020,Margin,,Gold Fee,GOLD,--,,($5.00),N,$850.59
08/14/2020,08/14/2020,08/14/2020,Sweep,,FDIC Sweep Start of Day Movement,FSWP,--,,$119.94,N,$855.59
08/14/2020,08/14/2020,08/14/2020,Margin,,FDIC Sweep Start of Day Movement,FSWP,--,,($119.94),N,$735.65
08/13/2020,08/13/2020,08/14/2020,Margin,DLTR,DLTR 2020-08-14 Call $100.00,STC,-5,$0.15,$74.98,N,$855.59
08/13/2020,08/13/2020,08/14/2020,Margin,DLTR,DLTR 2020-08-14 Call $100.00,STC,-2,$0.15,$29.98,N,$780.61
08/13/2020,08/13/2020,08/14/2020,Margin,DLTR,DLTR 2020-08-14 Call $100.00,STC,-1,$0.15,$14.98,N,$750.63
08/13/2020,08/13/2020,08/13/2020,Margin,,FDIC Sweep Start of Day Movement,FSWP,--,,$771.00,N,$735.65
08/13/2020,08/13/2020,08/13/2020,Sweep,,FDIC Sweep Start of Day Movement,FSWP,--,,($771.00),N,($35.35)
08/12/2020,08/12/2020,08/13/2020,Margin,DLTR,DLTR 2020-08-14 Call $100.00,BTO,8,$0.62,($496.00),N,$735.65
08/12/2020,08/12/2020,08/13/2020,Margin,CSIQ,CSIQ 2020-08-14 Call $26.00,BTO,10,$0.20,($200.00),N,"$1,231.65"
08/12/2020,08/12/2020,08/13/2020,Margin,CSIQ,CSIQ 2020-08-14 Call $27.00,BTO,15,$0.05,($75.00),N,"$1,431.65"
08/12/2020,08/12/2020,08/12/2020,Sweep,,FDIC Sweep Start of Day Movement,FSWP,--,,"$1,489.80",N,"$1,506.65"
08/12/2020,08/12/2020,08/12/2020,Margin,,FDIC Sweep Start of Day Movement,FSWP,--,,"($1,489.80)",N,$16.85
08/11/2020,08/11/2020,08/11/2020,Margin,,ACH Withdrawal,ACH,--,,"($3,000.00)",N,"$1,506.65"
08/11/2020,08/11/2020,08/12/2020,Margin,V,V 2020-08-14 Call $205.00,STC,-10,$0.52,$519.96,N,"$4,506.65"
08/11/2020,08/11/2020,08/12/2020,Margin,V,V 2020-08-14 Call $205.00,BTO,10,$1.00,"($1,000.00)",N,"$3,986.69"
08/11/2020,08/11/2020,08/12/2020,Margin,URI,URI 2020-08-14 Call $180.00,STC,-10,$3.50,"$3,499.90",N,"$4,986.69"
08/11/2020,08/11/2020,08/12/2020,Margin,URI,URI 2020-08-14 Call $185.00,STC,-10,$1.47,"$1,469.94",N,"$1,486.79"
08/10/2020,08/10/2020,08/10/2020,Margin,,FDIC Sweep Start of Day Movement,FSWP,--,,$10.00,N,$16.85
08/10/2020,08/10/2020,08/10/2020,Sweep,,FDIC Sweep Start of Day Movement,FSWP,--,,($10.00),N,$6.85
08/07/2020,08/07/2020,08/10/2020,Margin,--,Option Expiration for PANW 2020-08-07 call $265.00,OEXP,10S,,--,N,$16.85
08/07/2020,08/07/2020,08/10/2020,Margin,--,Option Expiration for NOW 2020-08-07 call $450.00,OEXP,3S,,--,N,$16.85
08/07/2020,08/07/2020,08/10/2020,Margin,URI,URI 2020-08-14 Call $185.00,BTO,10,$0.45,($450.00),N,$16.85
08/07/2020,08/07/2020,08/07/2020,Margin,,ACH Deposit,ACH,--,,$450.00,N,$466.85
08/07/2020,08/07/2020,08/07/2020,Margin,,ACH Deposit,ACH,--,,$50.00,N,$16.85
08/07/2020,08/07/2020,08/10/2020,Margin,URI,URI 2020-08-14 Call $180.00,BTO,4,$1.06,($424.00),N,($33.15)
08/07/2020,08/07/2020,08/10/2020,Margin,URI,URI 2020-08-14 Call $180.00,BTO,5,$1.06,($530.00),N,$390.85
08/07/2020,08/07/2020,08/10/2020,Margin,URI,URI 2020-08-14 Call $180.00,BTO,1,$1.06,($106.00),N,$920.85
08/07/2020,08/07/2020,08/07/2020,Margin,,ACH Deposit,ACH,--,,"$1,000.00",N,"$1,026.85"
08/04/2020,08/04/2020,08/05/2020,Margin,NOW,NOW 2020-08-07 Call $450.00,BTO,3,$1.75,($525.00),N,$26.85
08/04/2020,08/04/2020,08/04/2020,Margin,,ACH Deposit,ACH,--,,$525.00,N,$551.85
08/04/2020,08/04/2020,08/04/2020,Sweep,,FDIC Sweep Start of Day Movement,FSWP,--,,$4.98,N,$26.85
08/04/2020,08/04/2020,08/04/2020,Margin,,FDIC Sweep Start of Day Movement,FSWP,--,,($4.98),N,$21.87
08/03/2020,08/03/2020,08/04/2020,Margin,PANW,PANW 2020-08-07 Call $265.00,BTO,5,$0.75,($375.00),N,$26.85
08/03/2020,08/03/2020,08/03/2020,Margin,,ACH Deposit,ACH,--,,$400.00,N,$401.85
08/03/2020,08/03/2020,08/04/2020,Margin,PANW,PANW 2020-08-07 Call $265.00,BTO,5,$0.80,($400.00),N,$1.85
08/03/2020,08/03/2020,08/03/2020,Margin,,ACH Deposit,ACH,--,,$10.00,N,$401.85
08/03/2020,08/03/2020,08/04/2020,Margin,AMZN,"AMZN 2020-08-07 Call $3,410.00",STC,-1,$3.70,$369.98,N,$391.85
08/03/2020,08/03/2020,08/03/2020,Sweep,,FDIC Sweep Start of Day Movement,FSWP,--,,$21.85,N,$21.87
08/03/2020,08/03/2020,08/03/2020,Margin,,FDIC Sweep Start of Day Movement,FSWP,--,,($21.85),N,$0.02
07/31/2020,07/31/2020,07/31/2020,Sweep,,Interest Payment,INT,--,,$0.02,N,$21.87
07/31/2020,07/31/2020,08/03/2020,Margin,AMZN,"AMZN 2020-08-07 Call $3,410.00",BTO,1,$10.25,"($1,025.00)",N,$21.85
07/31/2020,07/31/2020,07/31/2020,Margin,,FDIC Sweep Journal,FSWP,--,,$46.95,N,"$1,046.85"
07/31/2020,07/31/2020,07/31/2020,Sweep,,FDIC Sweep Journal,FSWP,--,,($46.95),N,$999.90
07/31/2020,07/31/2020,07/31/2020,Margin,,ACH Withdrawal,ACH,--,,"($2,200.00)",N,"$1,046.85"
07/31/2020,07/31/2020,08/03/2020,Margin,ANET,ANET 2020-07-31 Call $250.00,STC,-10,$3.20,"$3,199.90",N,"$3,246.85"
07/27/2020,07/27/2020,07/28/2020,Margin,ANET,ANET 2020-07-31 Call $250.00,BTO,1,$1.10,($110.00),N,$46.95
07/27/2020,07/27/2020,07/28/2020,Margin,ANET,ANET 2020-07-31 Call $250.00,BTO,4,$1.10,($440.00),N,$156.95
07/27/2020,07/27/2020,07/27/2020,Margin,,ACH Deposit,ACH,--,,$50.00,N,$596.95
07/27/2020,07/27/2020,07/27/2020,Margin,,ACH Deposit,ACH,--,,$100.00,N,$546.95
07/27/2020,07/27/2020,07/27/2020,Margin,,ACH Deposit,ACH,--,,$400.00,N,$446.95
07/24/2020,07/24/2020,07/27/2020,Margin,--,Option Expiration for ANTM 2020-07-24 call $275.00,OEXP,15S,,--,N,$46.95
07/24/2020,07/24/2020,07/27/2020,Margin,--,Option Expiration for TGT 2020-07-24 call $125.00,OEXP,10S,,--,N,$46.95
07/24/2020,07/24/2020,07/27/2020,Margin,--,Option Expiration for BYND 2020-07-24 call $150.00,OEXP,10S,,--,N,$46.95
07/24/2020,07/24/2020,07/27/2020,Margin,ANET,ANET 2020-07-31 Call $250.00,BTO,5,$0.65,($325.00),N,$46.95
07/24/2020,07/24/2020,07/24/2020,Margin,,ACH Deposit,ACH,--,,$325.00,N,$371.95
07/23/2020,07/23/2020,07/23/2020,Sweep,,FDIC Sweep Start of Day Movement,FSWP,--,,$13.00,N,$46.95
07/23/2020,07/23/2020,07/23/2020,Margin,,FDIC Sweep Start of Day Movement,FSWP,--,,($13.00),N,$33.95
07/22/2020,07/22/2020,07/23/2020,Margin,TGT,TGT 2020-07-24 Call $125.00,BTO,3,$0.18,($54.00),N,$46.95
07/22/2020,07/22/2020,07/23/2020,Margin,TGT,TGT 2020-07-24 Call $125.00,BTO,3,$0.18,($54.00),N,$100.95
07/22/2020,07/22/2020,07/23/2020,Margin,TGT,TGT 2020-07-24 Call $125.00,BTO,1,$0.17,($17.00),N,$154.95
07/22/2020,07/22/2020,07/23/2020,Margin,TGT,TGT 2020-07-24 Call $125.00,BTO,1,$0.17,($17.00),N,$171.95
07/22/2020,07/22/2020,07/23/2020,Margin,TGT,TGT 2020-07-24 Call $125.00,BTO,1,$0.17,($17.00),N,$188.95
07/22/2020,07/22/2020,07/23/2020,Margin,TGT,TGT 2020-07-24 Call $125.00,BTO,1,$0.17,($17.00),N,$205.95
07/22/2020,07/22/2020,07/22/2020,Margin,,ACH Deposit,ACH,--,,$170.00,N,$222.95
07/22/2020,07/22/2020,07/23/2020,Margin,ANTM,ANTM 2020-07-24 Call $275.00,BTO,7,$0.19,($133.00),N,$52.95
07/22/2020,07/22/2020,07/23/2020,Margin,ANTM,ANTM 2020-07-24 Call $275.00,BTO,7,$0.19,($133.00),N,$185.95
07/22/2020,07/22/2020,07/23/2020,Margin,ANTM,ANTM 2020-07-24 Call $275.00,BTO,1,$0.15,($15.00),N,$318.95
07/22/2020,07/22/2020,07/22/2020,Margin,,ACH Deposit,ACH,--,,$300.00,N,$333.95
07/21/2020,07/21/2020,07/21/2020,Sweep,,FDIC Sweep Start of Day Movement,FSWP,--,,$6.89,N,$33.95
07/21/2020,07/21/2020,07/21/2020,Margin,,FDIC Sweep Start of Day Movement,FSWP,--,,($6.89),N,$27.06
07/20/2020,07/20/2020,07/20/2020,Sweep,,Interest Payment,INT,--,,$0.05,N,$33.95
07/20/2020,07/20/2020,07/21/2020,Margin,BYND,BYND 2020-07-24 Call $150.00,BTO,6,$0.38,($228.00),N,$33.90
07/20/2020,07/20/2020,07/21/2020,Margin,BYND,BYND 2020-07-24 Call $150.00,BTO,2,$0.38,($76.00),N,$261.90
07/20/2020,07/20/2020,07/21/2020,Margin,BYND,BYND 2020-07-24 Call $150.00,BTO,1,$0.38,($38.00),N,$337.90
07/20/2020,07/20/2020,07/21/2020,Margin,BYND,BYND 2020-07-24 Call $150.00,BTO,1,$0.38,($38.00),N,$375.90
07/20/2020,07/20/2020,07/21/2020,Margin,NFLX,NFLX 2020-07-24 Put $475.00,STC,-1,$2.16,$215.98,N,$413.90
07/20/2020,07/20/2020,07/21/2020,Margin,MU,MU 2020-07-24 Put $46.00,STC,-2,$0.07,$13.98,N,$197.92
07/20/2020,07/20/2020,07/21/2020,Margin,MU,MU 2020-07-24 Put $46.00,STC,-4,$0.07,$27.98,N,$183.94
07/20/2020,07/20/2020,07/21/2020,Margin,MU,MU 2020-07-24 Put $46.00,STC,-19,$0.07,$132.95,N,$155.96
07/20/2020,07/20/2020,07/21/2020,Margin,NFLX,NFLX 2020-07-24 Put $475.00,BTO,1,$3.04,($304.00),N,$23.01
07/20/2020,07/20/2020,07/20/2020,Margin,,ACH Deposit,ACH,--,,$300.00,N,$327.01
07/20/2020,07/20/2020,07/20/2020,Margin,,FDIC Sweep Start of Day Movement,FSWP,--,,$550.00,N,$27.01
07/20/2020,07/20/2020,07/20/2020,Sweep,,FDIC Sweep Start of Day Movement,FSWP,--,,($550.00),N,($522.99)
07/17/2020,07/17/2020,07/20/2020,Margin,--,Option Expiration for TGT 2020-07-17 call $124.00,OEXP,10S,,--,N,$27.01
07/17/2020,07/17/2020,07/20/2020,Margin,--,Option Expiration for CMI 2020-07-17 call $187.50,OEXP,4S,,--,N,$27.01
07/17/2020,07/17/2020,07/20/2020,Margin,MU,MU 2020-07-24 Put $46.00,BTO,1,$0.22,($22.00),N,$27.01
07/17/2020,07/17/2020,07/20/2020,Margin,MU,MU 2020-07-24 Put $46.00,BTO,4,$0.22,($88.00),N,$49.01
07/17/2020,07/17/2020,07/20/2020,Margin,MU,MU 2020-07-24 Put $46.00,BTO,1,$0.22,($22.00),N,$137.01
07/17/2020,07/17/2020,07/20/2020,Margin,MU,MU 2020-07-24 Put $46.00,BTO,12,$0.22,($264.00),N,$159.01
07/17/2020,07/17/2020,07/20/2020,Margin,MU,MU 2020-07-24 Put $46.00,BTO,7,$0.22,($154.00),N,$423.01
07/17/2020,07/17/2020,07/17/2020,Sweep,,FDIC Sweep Start of Day Movement,FSWP,--,,$114.98,N,$577.01
07/17/2020,07/17/2020,07/17/2020,Margin,,FDIC Sweep Start of Day Movement,FSWP,--,,($114.98),N,$462.03
07/16/2020,07/16/2020,07/17/2020,Margin,CMI,CMI 2020-07-17 Call $187.50,BTO,4,$0.34,($136.00),N,$577.01
07/16/2020,07/16/2020,07/16/2020,Margin,,FDIC Sweep Journal,FSWP,--,,"$2,000.00",N,$713.01
07/16/2020,07/16/2020,07/16/2020,Sweep,,FDIC Sweep Journal,FSWP,--,,"($2,000.00)",N,"($1,286.99)"
07/16/2020,07/16/2020,07/16/2020,Margin,,ACH Withdrawal,ACH,--,,"($2,000.00)",N,$713.01
07/16/2020,07/16/2020,07/17/2020,Margin,BA,BA 2020-07-17 Call $185.00,STC,-1,$2.51,$250.98,N,"$2,713.01"
07/15/2020,07/15/2020,07/15/2020,Margin,,FDIC Sweep Journal,FSWP,--,,$5.00,N,"$2,462.03"
07/15/2020,07/15/2020,07/15/2020,Sweep,,FDIC Sweep Journal,FSWP,--,,($5.00),N,"$2,457.03"
07/15/2020,07/15/2020,07/15/2020,Margin,,Gold Fee,GOLD,--,,($5.00),N,"$2,462.03"
07/15/2020,07/15/2020,07/15/2020,Sweep,,FDIC Sweep Start of Day Movement,FSWP,--,,"$2,435.90",N,"$2,467.03"
07/15/2020,07/15/2020,07/15/2020,Margin,,FDIC Sweep Start of Day Movement,FSWP,--,,"($2,435.90)",N,$31.13
07/14/2020,07/14/2020,07/15/2020,Margin,BA,BA 2020-07-17 Call $185.00,BTO,1,$3.24,($324.00),N,"$2,467.03"
07/14/2020,07/14/2020,07/15/2020,Margin,TGT,TGT 2020-07-17 Call $124.00,BTO,10,$0.21,($210.00),N,"$2,791.03"
07/14/2020,07/14/2020,07/15/2020,Margin,ALGN,ALGN 2020-07-17 Call $287.50,STC,-2,$14.50,"$2,899.92",N,"$3,001.03"
07/14/2020,07/14/2020,07/15/2020,Margin,ALGN,ALGN 2020-07-17 Call $287.50,BTO,2,$1.50,($300.00),N,$101.11
07/14/2020,07/14/2020,07/14/2020,Margin,,ACH Deposit,ACH,--,,$40.00,N,$401.11
07/14/2020,07/14/2020,07/15/2020,Margin,WYNN,WYNN 2020-07-17 Call $85.00,STC,-3,$1.10,$329.98,N,$361.11
07/14/2020,07/14/2020,07/14/2020,Margin,,FDIC Sweep Start of Day Movement,FSWP,--,,$99.11,N,$31.13
07/14/2020,07/14/2020,07/14/2020,Sweep,,FDIC Sweep Start of Day Movement,FSWP,--,,($99.11),N,($67.98)
07/13/2020,07/13/2020,07/14/2020,Margin,WYNN,WYNN 2020-07-17 Call $85.00,BTO,1,$2.07,($207.00),N,$31.13
07/13/2020,07/13/2020,07/14/2020,Margin,WYNN,WYNN 2020-07-17 Call $85.00,BTO,1,$2.07,($207.00),N,$238.13
07/13/2020,07/13/2020,07/14/2020,Margin,WYNN,WYNN 2020-07-17 Call $85.00,BTO,1,$2.07,($207.00),N,$445.13
07/13/2020,07/13/2020,07/14/2020,Margin,BA,BA 2020-07-17 Call $185.00,STC,-1,$2.77,$276.98,N,$652.13
07/13/2020,07/13/2020,07/14/2020,Margin,BYND,BYND 2020-07-17 Call $145.00,STC,-1,$0.64,$63.98,N,$375.15
07/13/2020,07/13/2020,07/14/2020,Margin,BYND,BYND 2020-07-17 Call $145.00,STC,-2,$0.64,$127.98,N,$311.17
07/13/2020,07/13/2020,07/14/2020,Margin,BYND,BYND 2020-07-17 Call $145.00,STC,-2,$0.64,$127.98,N,$183.19
07/13/2020,07/13/2020,07/14/2020,Margin,BA,BA 2020-07-17 Call $185.00,BTO,1,$4.75,($475.00),N,$55.21
07/13/2020,07/13/2020,07/14/2020,Margin,BYND,BYND 2020-07-17 Call $145.00,BTO,5,$1.00,($500.00),N,$530.21
07/13/2020,07/13/2020,07/14/2020,Margin,DECK,DECK 2020-07-17 Call $195.00,STC,-2,$4.50,$899.97,N,"$1,030.21"
07/13/2020,07/13/2020,07/13/2020,Margin,,FDIC Sweep Start of Day Movement,FSWP,--,,$60.00,N,$130.24
07/13/2020,07/13/2020,07/13/2020,Sweep,,FDIC Sweep Start of Day Movement,FSWP,--,,($60.00),N,$70.24
07/10/2020,07/10/2020,07/13/2020,Margin,--,Option Expiration for MU 2020-07-10 put $45.50,OEXP,100S,,--,N,$130.24
07/10/2020,07/10/2020,07/13/2020,Margin,--,Option Expiration for DIA 2020-07-10 call $265.00,OEXP,15S,,--,N,$130.24
07/10/2020,07/10/2020,07/13/2020,Margin,--,Option Expiration for BA 2020-07-10 put $160.00,OEXP,8S,,--,N,$130.24
07/10/2020,07/10/2020,07/13/2020,Margin,DECK,DECK 2020-07-17 Call $195.00,BTO,2,$5.30,"($1,060.00)",N,$130.24
07/10/2020,07/10/2020,07/10/2020,Margin,,ACH Deposit,ACH,--,,"$1,000.00",N,"$1,190.24"
07/10/2020,07/10/2020,07/10/2020,Sweep,,FDIC Sweep Start of Day Movement,FSWP,--,,$190.24,N,$190.24
07/10/2020,07/10/2020,07/10/2020,Margin,,FDIC Sweep Start of Day Movement,FSWP,--,,($190.24),N,$0.00
07/09/2020,07/09/2020,07/10/2020,Margin,DIA,DIA 2020-07-10 Call $265.00,BTO,15,$0.07,($105.00),N,$190.24
07/09/2020,07/09/2020,07/10/2020,Margin,MU,MU 2020-07-10 Put $45.50,BTO,61,$0.02,($122.00),N,$295.24
07/09/2020,07/09/2020,07/10/2020,Margin,MU,MU 2020-07-10 Put $45.50,BTO,39,$0.02,($78.00),N,$417.24
07/09/2020,07/09/2020,07/10/2020,Margin,BA,BA 2020-07-10 Put $160.00,BTO,1,$0.19,($19.00),N,$495.24
07/09/2020,07/09/2020,07/10/2020,Margin,BA,BA 2020-07-10 Put $160.00,BTO,1,$0.19,($19.00),N,$514.24
07/09/2020,07/09/2020,07/10/2020,Margin,BA,BA 2020-07-10 Put $160.00,BTO,1,$0.19,($19.00),N,$533.24
07/09/2020,07/09/2020,07/10/2020,Margin,BA,BA 2020-07-10 Put $160.00,BTO,5,$0.19,($95.00),N,$552.24
07/09/2020,07/09/2020,07/09/2020,Margin,,FDIC Sweep Journal,FSWP,--,,$15.29,N,$647.24
07/09/2020,07/09/2020,07/09/2020,Sweep,,FDIC Sweep Journal,FSWP,--,,($15.29),N,$631.95
07/09/2020,07/09/2020,07/09/2020,Margin,,ACH Withdrawal,ACH,--,,"($1,000.00)",N,$647.24
07/09/2020,07/09/2020,07/10/2020,Margin,ROKU,ROKU 2020-07-10 Call $140.00,STC,-6,$2.72,"$1,631.95",N,"$1,647.24"
07/08/2020,07/08/2020,07/08/2020,Sweep,,FDIC Sweep Start of Day Movement,FSWP,--,,$15.29,N,$15.29
07/08/2020,07/08/2020,07/08/2020,Margin,,FDIC Sweep Start of Day Movement,FSWP,--,,($15.29),N,$0.00
07/07/2020,07/07/2020,07/08/2020,Margin,ROKU,ROKU 2020-07-10 Call $140.00,BTO,1,$1.26,($126.00),N,$15.29
07/07/2020,07/07/2020,07/08/2020,Margin,ROKU,ROKU 2020-07-10 Call $140.00,BTO,3,$1.26,($378.00),N,$141.29
07/07/2020,07/07/2020,07/07/2020,Margin,,FDIC Sweep Journal,FSWP,--,,$53.34,N,$519.29
07/07/2020,07/07/2020,07/07/2020,Sweep,,FDIC Sweep Journal,FSWP,--,,($53.34),N,$465.95
07/07/2020,07/07/2020,07/07/2020,Margin,,ACH Withdrawal,ACH,--,,($600.00),N,$519.29
07/07/2020,07/07/2020,07/08/2020,Margin,ROKU,ROKU 2020-07-10 Call $140.00,BTO,1,$1.67,($167.00),N,"$1,119.29"
07/07/2020,07/07/2020,07/08/2020,Margin,ROKU,ROKU 2020-07-10 Call $140.00,BTO,1,$1.67,($167.00),N,"$1,286.29"
07/07/2020,07/07/2020,07/08/2020,Margin,NFLX,NFLX 2020-07-10 Call $500.00,STC,-2,$7.00,"$1,399.95",N,"$1,453.29"
07/06/2020,07/06/2020,07/06/2020,Margin,,FDIC Sweep Start of Day Movement,FSWP,--,,$740.00,N,$53.34
07/06/2020,07/06/2020,07/06/2020,Sweep,,FDIC Sweep Start of Day Movement,FSWP,--,,($740.00),N,($686.66)
07/02/2020,07/02/2020,07/06/2020,Margin,--,Option Expiration for AVGO 2020-07-02 call $320.00,OEXP,5S,,--,N,$53.34
07/02/2020,07/02/2020,07/06/2020,Margin,--,Option Expiration for BIDU 2020-07-02 call $126.00,OEXP,20S,,--,N,$53.34
07/02/2020,07/02/2020,07/06/2020,Margin,--,Option Expiration for AVGO 2020-07-02 call $325.00,OEXP,20S,,--,N,$53.34
07/02/2020,07/02/2020,07/06/2020,Margin,--,Option Expiration for SO 2020-07-02 call $62.00,OEXP,2S,,--,N,$53.34
07/02/2020,07/02/2020,07/06/2020,Margin,NFLX,NFLX 2020-07-10 Call $500.00,BTO,2,$3.70,($740.00),N,$53.34
07/02/2020,07/02/2020,07/02/2020,Sweep,,FDIC Sweep Start of Day Movement,FSWP,--,,$793.34,N,$793.34
07/02/2020,07/02/2020,07/02/2020,Margin,,FDIC Sweep Start of Day Movement,FSWP,--,,($793.34),N,$0.00
07/01/2020,07/01/2020,07/02/2020,Margin,BIDU,BIDU 2020-07-02 Call $126.00,BTO,20,$0.05,($100.00),N,$793.34
07/01/2020,07/01/2020,07/01/2020,Margin,,FDIC Sweep Journal,FSWP,--,,$68.46,N,$893.34
07/01/2020,07/01/2020,07/01/2020,Sweep,,FDIC Sweep Journal,FSWP,--,,($68.46),N,$824.88
07/01/2020,07/01/2020,07/01/2020,Margin,,ACH Withdrawal,ACH,--,,"($3,000.00)",N,$893.34
07/01/2020,07/01/2020,07/02/2020,Margin,AVGO,AVGO 2020-07-02 Call $320.00,BTO,2,$0.43,($86.00),N,"$3,893.34"
07/01/2020,07/01/2020,07/02/2020,Margin,AVGO,AVGO 2020-07-02 Call $320.00,BTO,3,$0.43,($129.00),N,"$3,979.34"
07/01/2020,07/01/2020,07/02/2020,Margin,NFLX,NFLX 2020-07-02 Call $470.00,STC,-1,$10.10,"$1,009.96",N,"$4,108.34"
07/01/2020,07/01/2020,07/02/2020,Margin,NFLX,NFLX 2020-07-02 Call $470.00,STC,-3,$10.10,"$3,029.92",N,"$3,098.38"
06/30/2020,06/30/2020,06/30/2020,Sweep,,Interest Payment,INT,--,,$0.14,N,$68.46
06/30/2020,06/30/2020,06/30/2020,Sweep,,FDIC Sweep Start of Day Movement,FSWP,--,,$12.00,N,$68.32
06/30/2020,06/30/2020,06/30/2020,Margin,,FDIC Sweep Start of Day Movement,FSWP,--,,($12.00),N,$56.32
06/29/2020,06/29/2020,06/30/2020,Margin,AVGO,AVGO 2020-07-02 Call $325.00,BTO,3,$0.20,($60.00),N,$68.32
06/29/2020,06/29/2020,06/30/2020,Margin,AVGO,AVGO 2020-07-02 Call $325.00,BTO,2,$0.20,($40.00),N,$128.32
06/29/2020,06/29/2020,06/30/2020,Margin,AVGO,AVGO 2020-07-02 Call $325.00,BTO,1,$0.20,($20.00),N,$168.32
06/29/2020,06/29/2020,06/30/2020,Margin,AVGO,AVGO 2020-07-02 Call $325.00,BTO,6,$0.20,($120.00),N,$188.32
06/29/2020,06/29/2020,06/29/2020,Margin,,ACH Deposit,ACH,--,,$240.00,N,$308.32
06/29/2020,06/29/2020,06/30/2020,Margin,NFLX,NFLX 2020-07-02 Call $470.00,BTO,4,$0.57,($228.00),N,$68.32
06/29/2020,06/29/2020,06/29/2020,Margin,,ACH Deposit,ACH,--,,$240.00,N,$296.32
06/29/2020,06/29/2020,06/29/2020,Margin,,FDIC Sweep Start of Day Movement,FSWP,--,,$70.07,N,$56.32
06/29/2020,06/29/2020,06/29/2020,Sweep,,FDIC Sweep Start of Day Movement,FSWP,--,,($70.07),N,($13.75)
06/26/2020,06/26/2020,06/29/2020,Margin,--,Option Expiration for BDX 2020-06-26 call $240.00,OEXP,6S,,--,N,$56.32
06/26/2020,06/26/2020,06/29/2020,Margin,--,Option Expiration for DBX 2020-06-26 call $24.00,OEXP,1S,,--,N,$56.32
06/26/2020,06/26/2020,06/29/2020,Margin,AVGO,AVGO 2020-07-02 Call $325.00,BTO,2,$0.90,($180.00),N,$56.32
06/26/2020,06/26/2020,06/29/2020,Margin,AVGO,AVGO 2020-07-02 Call $325.00,BTO,6,$0.90,($540.00),N,$236.32
06/26/2020,06/26/2020,06/29/2020,Margin,GLOB,GLOB 2020-07-17 Call $155.00,STC,-1,$3.00,$299.98,N,$776.32
06/26/2020,06/26/2020,06/29/2020,Margin,GLOB,GLOB 2020-07-17 Call $150.00,STC,-1,$4.70,$469.97,N,$476.34
06/26/2020,06/26/2020,06/29/2020,Margin,GLOB,GLOB 2020-07-17 Call $155.00,BTO,1,$3.80,($380.00),N,$6.37
06/26/2020,06/26/2020,06/26/2020,Margin,,ACH Deposit,ACH,--,,$20.00,N,$386.37
06/26/2020,06/26/2020,06/29/2020,Margin,NFLX,NFLX 2020-06-26 Call $470.00,STC,-2,$1.20,$239.98,N,$366.37
06/26/2020,06/26/2020,06/26/2020,Margin,,FDIC Sweep Start of Day Movement,FSWP,--,,$994.00,N,$126.39
06/26/2020,06/26/2020,06/26/2020,Sweep,,FDIC Sweep Start of Day Movement,FSWP,--,,($994.00),N,($867.61)
06/25/2020,06/25/2020,06/26/2020,Margin,GLOB,GLOB 2020-07-17 Call $150.00,BTO,1,$6.50,($650.00),N,$126.39
06/25/2020,06/25/2020,06/26/2020,Margin,NFLX,NFLX 2020-06-26 Call $470.00,BTO,1,$1.60,($160.00),N,$776.39
06/25/2020,06/25/2020,06/26/2020,Margin,NFLX,NFLX 2020-06-26 Call $470.00,BTO,1,$1.84,($184.00),N,$936.39
06/25/2020,06/25/2020,06/25/2020,Sweep,,FDIC Sweep Start of Day Movement,FSWP,--,,"$1,114.94",N,"$1,120.39"
06/25/2020,06/25/2020,06/25/2020,Margin,,FDIC Sweep Start of Day Movement,FSWP,--,,"($1,114.94)",N,$5.45
06/24/2020,06/24/2020,06/25/2020,Margin,BDX,BDX 2020-06-26 Call $240.00,BTO,6,$0.40,($240.00),N,"$1,120.39"
06/24/2020,06/24/2020,06/25/2020,Margin,DBX,DBX 2020-06-26 Call $24.00,BTO,1,$0.05,($5.00),N,"$1,360.39"
06/24/2020,06/24/2020,06/25/2020,Margin,NKLA,NKLA 2020-06-26 Call $70.00,STC,-3,$3.40,"$1,019.96",N,"$1,365.39"
06/24/2020,06/24/2020,06/25/2020,Margin,NKLA,NKLA 2020-06-26 Call $70.00,STC,-1,$3.40,$339.98,N,$345.43
06/22/2020,06/22/2020,06/22/2020,Margin,,FDIC Sweep Start of Day Movement,FSWP,--,,$920.00,N,$5.45
06/22/2020,06/22/2020,06/22/2020,Sweep,,FDIC Sweep Start of Day Movement,FSWP,--,,($920.00),N,($914.55)
06/19/2020,06/19/2020,06/22/2020,Margin,--,Option Expiration for BIDU 2020-06-19 call $127.00,OEXP,3S,,--,N,$5.45
06/19/2020,06/19/2020,06/22/2020,Margin,--,Option Expiration for BIDU 2020-06-19 call $126.00,OEXP,3S,,--,N,$5.45
06/19/2020,06/19/2020,06/22/2020,Margin,NKLA,NKLA 2020-06-26 Call $70.00,BTO,4,$2.30,($920.00),N,$5.45
06/19/2020,06/19/2020,06/19/2020,Margin,,FDIC Sweep Start of Day Movement,FSWP,--,,"$5,645.00",N,$925.45
06/19/2020,06/19/2020,06/19/2020,Sweep,,FDIC Sweep Start of Day Movement,FSWP,--,,"($5,645.00)",N,"($4,719.55)"
06/18/2020,06/18/2020,06/18/2020,Margin,,ACH Withdrawal,ACH,--,,"($5,500.00)",N,$925.45
06/18/2020,06/18/2020,06/19/2020,Margin,SO,SO 2020-07-02 Call $62.00,BTO,2,$0.05,($10.00),N,"$6,425.45"
06/18/2020,06/18/2020,06/19/2020,Margin,BIDU,BIDU 2020-06-19 Call $126.00,BTO,3,$0.45,($135.00),N,"$6,435.45"
06/18/2020,06/18/2020,06/18/2020,Sweep,,FDIC Sweep Start of Day Movement,FSWP,--,,"$1,319.93",N,"$6,570.45"
06/18/2020,06/18/2020,06/18/2020,Margin,,FDIC Sweep Start of Day Movement,FSWP,--,,"($1,319.93)",N,"$5,250.52"
06/17/2020,06/17/2020,06/18/2020,Margin,W,W 2020-06-19 Call $205.00,STC,-1,$5.40,$539.97,N,"$6,570.45"
06/17/2020,06/17/2020,06/18/2020,Margin,NFLX,NFLX 2020-06-19 Call $450.00,STC,-2,$4.65,$929.96,N,"$6,030.48"
06/17/2020,06/17/2020,06/18/2020,Margin,BIDU,BIDU 2020-06-19 Call $127.00,BTO,3,$0.50,($150.00),N,"$5,100.52"
06/17/2020,06/17/2020,06/17/2020,Sweep,,FDIC Sweep Start of Day Movement,FSWP,--,,"$4,139.88",N,"$5,250.52"
06/17/2020,06/17/2020,06/17/2020,Margin,,FDIC Sweep Start of Day Movement,FSWP,--,,"($4,139.88)",N,"$1,110.64"
06/16/2020,06/16/2020,06/17/2020,Margin,NFLX,NFLX 2020-06-19 Call $450.00,BTO,1,$1.60,($160.00),N,"$5,250.52"
06/16/2020,06/16/2020,06/17/2020,Margin,BIDU,BIDU 2020-06-19 Call $125.00,STC,-3,$4.30,"$1,289.96",N,"$5,410.52"
06/16/2020,06/16/2020,06/17/2020,Margin,BIDU,BIDU 2020-06-19 Call $125.00,STC,-7,$4.30,"$3,009.92",N,"$4,120.56"
06/16/2020,06/16/2020,06/16/2020,Sweep,,FDIC Sweep Start of Day Movement,FSWP,--,,"$1,109.95",N,"$1,110.64"
06/16/2020,06/16/2020,06/16/2020,Margin,,FDIC Sweep Start of Day Movement,FSWP,--,,"($1,109.95)",N,$0.69
06/15/2020,06/15/2020,06/16/2020,Margin,W,W 2020-06-19 Call $205.00,BTO,1,$4.00,($400.00),N,"$1,110.64"
06/15/2020,06/15/2020,06/16/2020,Margin,W,W 2020-06-19 Call $187.50,STC,-1,$15.00,"$1,499.95",N,"$1,510.64"
06/15/2020,06/15/2020,06/15/2020,Margin,,ACH Deposit,ACH,--,,$135.00,N,$10.69
06/15/2020,06/15/2020,06/16/2020,Margin,NFLX,NFLX 2020-06-19 Call $450.00,BTO,1,$1.25,($125.00),N,($124.31)
06/15/2020,06/15/2020,06/16/2020,Margin,BIDU,BIDU 2020-06-19 Call $125.00,BTO,10,$0.25,($250.00),N,$0.69
06/15/2020,06/15/2020,06/15/2020,Margin,,ACH Deposit,ACH,--,,$250.00,N,$250.69
06/15/2020,06/15/2020,06/15/2020,Margin,,FDIC Sweep Journal,FSWP,--,,$0.67,N,$0.69
06/15/2020,06/15/2020,06/15/2020,Sweep,,FDIC Sweep Journal,FSWP,--,,($0.67),N,$0.02
06/15/2020,06/15/2020,06/15/2020,Margin,,Gold Fee,GOLD,--,,($0.67),N,$0.69
06/15/2020,06/15/2020,06/15/2020,Margin,,FDIC Sweep Start of Day Movement,FSWP,--,,$0.08,N,$1.36
06/15/2020,06/15/2020,06/15/2020,Sweep,,FDIC Sweep Start of Day Movement,FSWP,--,,($0.08),N,$1.28
06/12/2020,06/12/2020,06/15/2020,Margin,--,Option Expiration for SHOP 2020-06-12 call $790.00,OEXP,1S,,--,N,$1.36
06/12/2020,06/12/2020,06/15/2020,Margin,W,W 2020-06-19 Call $187.50,BTO,1,$6.00,($600.00),N,$1.36
06/12/2020,06/12/2020,06/15/2020,Margin,W,W 2020-06-19 Call $185.00,STC,-1,$6.00,$599.97,N,$601.36
06/12/2020,06/12/2020,06/15/2020,Margin,W,W 2020-06-19 Call $185.00,BTO,1,$5.80,($580.00),N,$1.39
06/12/2020,06/12/2020,06/15/2020,Margin,W,W 2020-06-19 Call $187.50,STC,-1,$5.30,$529.97,N,$581.39
06/12/2020,06/12/2020,06/15/2020,Margin,W,W 2020-06-12 Call $185.00,STC,-1,$0.50,$49.98,N,$51.42
06/12/2020,06/12/2020,06/12/2020,Margin,,FDIC Sweep Start of Day Movement,FSWP,--,,$19.20,N,$1.44
06/12/2020,06/12/2020,06/12/2020,Sweep,,FDIC Sweep Start of Day Movement,FSWP,--,,($19.20),N,($17.76)
06/11/2020,06/11/2020,06/12/2020,Margin,W,W 2020-06-19 Call $187.50,BTO,1,$5.80,($580.00),N,$1.44
06/11/2020,06/11/2020,06/11/2020,Margin,,ACH Deposit,ACH,--,,$580.00,N,$581.44
06/11/2020,06/11/2020,06/12/2020,Margin,W,W 2020-06-12 Call $185.00,BTO,1,$1.80,($180.00),N,$1.44
06/11/2020,06/11/2020,06/11/2020,Margin,,ACH Deposit,ACH,--,,$10.00,N,$181.44
06/11/2020,06/11/2020,06/11/2020,Margin,,ACH Deposit,ACH,--,,$10.00,N,$171.44
06/11/2020,06/11/2020,06/11/2020,Margin,,ACH Deposit,ACH,--,,$10.00,N,$161.44
06/11/2020,06/11/2020,06/11/2020,Margin,,ACH Deposit,ACH,--,,$150.00,N,$151.44
06/11/2020,06/11/2020,06/12/2020,Margin,SHOP,SHOP 2020-06-12 Call $790.00,BTO,1,$2.15,($215.00),N,$1.44
06/11/2020,06/11/2020,06/12/2020,Margin,JNJ,JNJ 2020-06-12 Call $150.00,STC,-5,$0.13,$64.98,N,$216.44
06/11/2020,06/11/2020,06/12/2020,Margin,JNJ,JNJ 2020-06-12 Call $152.50,STC,-4,$0.05,$19.98,N,$151.46
06/11/2020,06/11/2020,06/12/2020,Margin,JNJ,JNJ 2020-06-12 Call $152.50,STC,-3,$0.05,$14.98,N,$131.48
06/11/2020,06/11/2020,06/12/2020,Margin,JNJ,JNJ 2020-06-12 Call $152.50,STC,-4,$0.05,$19.98,N,$116.50
06/11/2020,06/11/2020,06/12/2020,Margin,JNJ,JNJ 2020-06-12 Call $152.50,STC,-1,$0.05,$4.98,N,$96.52
06/11/2020,06/11/2020,06/12/2020,Margin,JNJ,JNJ 2020-06-12 Call $152.50,STC,-1,$0.05,$4.98,N,$91.54
06/11/2020,06/11/2020,06/12/2020,Margin,JNJ,JNJ 2020-06-12 Call $152.50,STC,-2,$0.05,$9.98,N,$86.56
06/11/2020,06/11/2020,06/12/2020,Margin,JNJ,JNJ 2020-06-12 Call $152.50,STC,-5,$0.05,$24.98,N,$76.58
06/11/2020,06/11/2020,06/12/2020,Margin,JNJ,JNJ 2020-06-12 Call $152.50,STC,-5,$0.05,$24.98,N,$51.60
06/11/2020,06/11/2020,06/12/2020,Margin,JNJ,JNJ 2020-06-12 Call $152.50,STC,-1,$0.06,$5.98,N,$26.62
06/10/2020,06/10/2020,06/10/2020,Margin,,FDIC Sweep Start of Day Movement,FSWP,--,,$189.04,N,$20.64
06/10/2020,06/10/2020,06/10/2020,Sweep,,FDIC Sweep Start of Day Movement,FSWP,--,,($189.04),N,($168.40)
06/09/2020,06/09/2020,06/10/2020,Margin,JNJ,JNJ 2020-06-12 Call $152.50,BTO,4,$0.10,($40.00),N,$20.64
06/09/2020,06/09/2020,06/10/2020,Margin,JNJ,JNJ 2020-06-12 Call $152.50,BTO,8,$0.10,($80.00),N,$60.64
06/09/2020,06/09/2020,06/10/2020,Margin,JNJ,JNJ 2020-06-12 Call $152.50,BTO,4,$0.10,($40.00),N,$140.64
06/09/2020,06/09/2020,06/10/2020,Margin,JNJ,JNJ 2020-06-12 Call $152.50,BTO,3,$0.10,($30.00),N,$180.64
06/09/2020,06/09/2020,06/09/2020,Margin,,ACH Deposit,ACH,--,,$200.00,N,$210.64
06/09/2020,06/09/2020,06/10/2020,Margin,JNJ,JNJ 2020-06-12 Call $152.50,BTO,5,$0.22,($110.00),N,$10.64
06/09/2020,06/09/2020,06/10/2020,Margin,JNJ,JNJ 2020-06-12 Call $152.50,BTO,2,$0.22,($44.00),N,$120.64
06/09/2020,06/09/2020,06/10/2020,Margin,JNJ,JNJ 2020-06-12 Call $150.00,BTO,4,$0.89,($356.00),N,$164.64
06/09/2020,06/09/2020,06/10/2020,Margin,JNJ,JNJ 2020-06-12 Call $150.00,BTO,1,$0.89,($89.00),N,$520.64
06/09/2020,06/09/2020,06/10/2020,Margin,CMG,"CMG 2020-06-12 Call $1,090.00",STC,-1,$2.00,$199.98,N,$609.64
06/09/2020,06/09/2020,06/10/2020,Margin,CMG,"CMG 2020-06-12 Call $1,090.00",STC,-1,$2.00,$199.98,N,$409.66
06/09/2020,06/09/2020,06/09/2020,Margin,,FDIC Sweep Start of Day Movement,FSWP,--,,$400.02,N,$209.68
06/09/2020,06/09/2020,06/09/2020,Sweep,,FDIC Sweep Start of Day Movement,FSWP,--,,($400.02),N,($190.34)
06/08/2020,06/08/2020,06/09/2020,Margin,CMG,"CMG 2020-06-12 Call $1,090.00",BTO,1,$3.50,($350.00),N,$209.68
06/08/2020,06/08/2020,06/09/2020,Margin,CMG,"CMG 2020-06-12 Call $1,090.00",BTO,1,$5.00,($500.00),N,$559.68
06/08/2020,06/08/2020,06/09/2020,Margin,COST,COST 2020-06-12 Call $315.00,STC,-5,$0.90,$449.98,N,"$1,059.68"
06/08/2020,06/08/2020,06/08/2020,Margin,,FDIC Sweep Journal,FSWP,--,,"$5,000.00",N,$609.70
06/08/2020,06/08/2020,06/08/2020,Sweep,,FDIC Sweep Journal,FSWP,--,,"($5,000.00)",N,"($4,390.30)"
06/08/2020,06/08/2020,06/08/2020,Margin,,ACH Withdrawal,ACH,--,,"($5,000.00)",N,$609.70
06/08/2020,06/08/2020,06/08/2020,Sweep,,FDIC Sweep Start of Day Movement,FSWP,--,,"$5,589.81",N,"$5,609.70"
06/08/2020,06/08/2020,06/08/2020,Margin,,FDIC Sweep Start of Day Movement,FSWP,--,,"($5,589.81)",N,$19.89
06/05/2020,06/05/2020,06/08/2020,Margin,--,Option Expiration for COST 2020-06-05 call $315.00,OEXP,2S,,--,N,"$5,609.70"
06/05/2020,06/05/2020,06/08/2020,Margin,COST,COST 2020-06-12 Call $315.00,BTO,5,$2.00,"($1,000.00)",N,"$5,609.70"
06/05/2020,06/05/2020,06/08/2020,Margin,CME,CME 2020-06-05 Call $187.50,STC,-8,$5.00,"$3,999.89",N,"$6,609.70"
06/05/2020,06/05/2020,06/08/2020,Margin,IBM,IBM 2020-06-05 Call $131.00,STC,-10,$2.59,"$2,589.92",N,"$2,609.81"
06/03/2020,06/03/2020,06/03/2020,Sweep,,FDIC Sweep Start of Day Movement,FSWP,--,,$6.00,N,$19.89
06/03/2020,06/03/2020,06/03/2020,Margin,,FDIC Sweep Start of Day Movement,FSWP,--,,($6.00),N,$13.89
06/02/2020,06/02/2020,06/03/2020,Margin,IBM,IBM 2020-06-05 Call $131.00,BTO,10,$0.12,($120.00),N,$19.89
06/02/2020,06/02/2020,06/03/2020,Margin,CME,CME 2020-06-05 Call $187.50,BTO,2,$0.19,($38.00),N,$139.89
06/02/2020,06/02/2020,06/03/2020,Margin,CME,CME 2020-06-05 Call $187.50,BTO,2,$0.19,($38.00),N,$177.89
06/02/2020,06/02/2020,06/03/2020,Margin,CME,CME 2020-06-05 Call $187.50,BTO,2,$0.19,($38.00),N,$215.89
06/02/2020,06/02/2020,06/02/2020,Margin,,ACH Deposit,ACH,--,,$240.00,N,$253.89
06/02/2020,06/02/2020,06/02/2020,Margin,,FDIC Sweep Start of Day Movement,FSWP,--,,$5.02,N,$13.89
06/02/2020,06/02/2020,06/02/2020,Sweep,,FDIC Sweep Start of Day Movement,FSWP,--,,($5.02),N,$8.87
06/01/2020,06/01/2020,06/02/2020,Margin,COST,COST 2020-06-05 Call $315.00,BTO,1,$1.10,($110.00),N,$13.89
06/01/2020,06/01/2020,06/02/2020,Margin,COST,COST 2020-06-05 Call $315.00,BTO,1,$1.10,($110.00),N,$123.89
06/01/2020,06/01/2020,06/01/2020,Margin,,ACH Deposit,ACH,--,,$220.00,N,$233.89
06/01/2020,06/01/2020,06/01/2020,Margin,,ACH Deposit,ACH,--,,$50.00,N,$13.89
06/01/2020,06/01/2020,06/02/2020,Margin,CME,CME 2020-06-05 Call $187.50,BTO,1,$0.95,($95.00),N,($36.11)
06/01/2020,06/01/2020,06/02/2020,Margin,CME,CME 2020-06-05 Call $187.50,BTO,1,$0.95,($95.00),N,$58.89
06/01/2020,06/01/2020,06/02/2020,Margin,ORCL,ORCL 2020-06-05 Call $54.00,STC,-5,$0.27,$134.98,N,$153.89
06/01/2020,06/01/2020,06/01/2020,Sweep,,FDIC Sweep Start of Day Movement,FSWP,--,,$18.91,N,$18.91
06/01/2020,06/01/2020,06/01/2020,Margin,,FDIC Sweep Start of Day Movement,FSWP,--,,($18.91),N,$0.00
05/29/2020,05/29/2020,06/01/2020,Margin,--,Option Expiration for NOC 2020-05-29 call $350.00,OEXP,1S,,--,N,$18.91
05/29/2020,05/29/2020,06/01/2020,Margin,--,Option Expiration for MDT 2020-05-29 call $100.00,OEXP,2S,,--,N,$18.91
05/29/2020,05/29/2020,06/01/2020,Margin,--,Option Expiration for MDT 2020-05-29 call $102.00,OEXP,10S,,--,N,$18.91
05/29/2020,05/29/2020,06/01/2020,Margin,--,Option Expiration for MDLZ 2020-05-29 call $52.50,OEXP,2S,,--,N,$18.91
05/29/2020,05/29/2020,06/01/2020,Margin,--,Option Expiration for TSLA 2020-05-29 call $880.00,OEXP,1S,,--,N,$18.91
05/29/2020,05/29/2020,06/01/2020,Margin,--,Option Expiration for ORCL 2020-05-29 call $55.00,OEXP,30S,,--,N,$18.91
05/29/2020,05/29/2020,06/01/2020,Margin,ORCL,ORCL 2020-06-05 Call $54.00,BTO,5,$0.65,($325.00),N,$18.91
05/28/2020,05/28/2020,05/29/2020,Margin,MDLZ,MDLZ 2020-05-29 Call $52.50,BTO,2,$0.02,($4.00),N,$343.91
05/28/2020,05/28/2020,05/29/2020,Margin,ORCL,ORCL 2020-05-29 Call $55.00,BTO,1,$0.04,($4.00),N,$347.91
05/28/2020,05/28/2020,05/29/2020,Margin,ORCL,ORCL 2020-05-29 Call $55.00,BTO,3,$0.04,($12.00),N,$351.91
05/28/2020,05/28/2020,05/29/2020,Margin,ORCL,ORCL 2020-05-29 Call $55.00,BTO,4,$0.04,($16.00),N,$363.91
05/28/2020,05/28/2020,05/29/2020,Margin,ORCL,ORCL 2020-05-29 Call $55.00,BTO,5,$0.04,($20.00),N,$379.91
05/28/2020,05/28/2020,05/29/2020,Margin,MDT,MDT 2020-05-29 Call $100.00,STC,-7,$0.32,$223.98,N,$399.91
05/28/2020,05/28/2020,05/29/2020,Margin,MDT,MDT 2020-05-29 Call $100.00,STC,-1,$0.45,$44.98,N,$175.93
05/28/2020,05/28/2020,05/29/2020,Margin,ORCL,ORCL 2020-05-29 Call $55.00,BTO,17,$0.03,($51.00),N,$130.95
05/28/2020,05/28/2020,05/28/2020,Margin,,ACH Deposit,ACH,--,,$50.00,N,$181.95
05/27/2020,05/27/2020,05/28/2020,Margin,NOC,NOC 2020-05-29 Call $350.00,BTO,1,$0.90,($90.00),N,$131.95
05/27/2020,05/27/2020,05/27/2020,Margin,,ACH Deposit,ACH,--,,$200.00,N,$221.95
05/27/2020,05/27/2020,05/28/2020,Margin,MDT,MDT 2020-05-29 Call $100.00,BTO,10,$0.10,($100.00),N,$21.95
05/27/2020,05/27/2020,05/27/2020,Margin,,ACH Deposit,ACH,--,,$120.00,N,$121.95
05/26/2020,05/26/2020,05/27/2020,Margin,MDT,MDT 2020-05-29 Call $102.00,BTO,10,$0.13,($130.00),N,$1.95
05/26/2020,05/26/2020,05/26/2020,Margin,,ACH Deposit,ACH,--,,$110.00,N,$131.95
05/22/2020,05/22/2020,05/26/2020,Margin,--,Option Expiration for TSLA 2020-05-22 call $860.00,OEXP,2S,,--,N,$21.95
05/22/2020,05/22/2020,05/26/2020,Margin,--,Option Expiration for CCL 2020-05-22 call $16.00,OEXP,10S,,--,N,$21.95
05/22/2020,05/22/2020,05/26/2020,Margin,TSLA,TSLA 2020-05-29 Call $880.00,BTO,1,$6.49,($649.00),N,$21.95
05/22/2020,05/22/2020,05/22/2020,Margin,,ACH Deposit,ACH,--,,$650.00,N,$670.95
05/21/2020,05/21/2020,05/22/2020,Margin,CCL,CCL 2020-05-22 Call $16.00,BTO,10,$0.08,($80.00),N,$20.95
05/21/2020,05/21/2020,05/21/2020,Margin,,ACH Deposit,ACH,--,,$31.00,N,$100.95
05/20/2020,05/20/2020,05/21/2020,Margin,TSLA,TSLA 2020-05-22 Call $860.00,BTO,1,$2.45,($245.00),N,$69.95
05/20/2020,05/20/2020,05/20/2020,Margin,,ACH Withdrawal,ACH,--,,"($2,000.00)",N,$314.95
05/19/2020,05/19/2020,05/20/2020,Margin,AMZN,"AMZN 2020-05-22 Call $2,570.00",STC,-1,$3.00,$299.98,N,"$2,314.95"
05/19/2020,05/19/2020,05/20/2020,Margin,TSLA,TSLA 2020-05-22 Call $860.00,BTO,1,$5.45,($545.00),N,"$2,014.97"
05/19/2020,05/19/2020,05/20/2020,Margin,AMZN,"AMZN 2020-05-22 Call $2,570.00",BTO,1,$5.60,($560.00),N,"$2,559.97"
05/19/2020,05/19/2020,05/20/2020,Margin,AMZN,"AMZN 2020-05-22 Call $2,470.00",STC,-1,$31.20,"$3,119.92",N,"$3,119.97"
05/15/2020,05/15/2020,05/18/2020,Margin,--,"Option Expiration for AMZN 2020-05-15 call $2,450.00",OEXP,1S,,--,N,$0.05
05/15/2020,05/15/2020,05/18/2020,Margin,AMZN,"AMZN 2020-05-22 Call $2,470.00",BTO,1,$7.25,($725.00),N,$0.05
05/15/2020,05/15/2020,05/18/2020,Margin,PEP,PEP 2020-05-22 Call $137.00,STC,-4,$1.81,$723.97,N,$725.05
05/15/2020,05/15/2020,05/18/2020,Margin,PEP,PEP 2020-05-22 Call $137.00,BTO,4,$1.06,($424.00),N,$1.08
05/13/2020,05/13/2020,05/14/2020,Margin,AMZN,"AMZN 2020-05-15 Call $2,450.00",BTO,1,$2.30,($230.00),N,$425.08
05/13/2020,05/13/2020,05/14/2020,Margin,UAL,UAL 2020-05-15 Put $21.00,STC,-5,$1.08,$539.97,N,$655.08
05/12/2020,05/12/2020,05/13/2020,Margin,UAL,UAL 2020-05-15 Put $21.00,BTO,1,$0.24,($24.00),N,$115.11
05/12/2020,05/12/2020,05/13/2020,Margin,UAL,UAL 2020-05-15 Put $21.00,BTO,1,$0.24,($24.00),N,$139.11
05/12/2020,05/12/2020,05/13/2020,Margin,UAL,UAL 2020-05-15 Put $21.00,BTO,1,$0.24,($24.00),N,$163.11
05/12/2020,05/12/2020,05/13/2020,Margin,UAL,UAL 2020-05-15 Put $21.00,BTO,2,$0.24,($48.00),N,$187.11
05/12/2020,05/12/2020,05/13/2020,Margin,TDG,TDG 2020-05-15 Call $370.00,STC,-1,$0.90,$89.98,N,$235.11
05/11/2020,05/11/2020,05/12/2020,Margin,TDG,TDG 2020-05-15 Call $370.00,BTO,1,$2.80,($280.00),N,$145.13
05/11/2020,05/11/2020,05/12/2020,Margin,PEP,PEP 2020-05-15 Call $137.00,STC,-8,$0.50,$399.97,N,$425.13
05/11/2020,05/11/2020,05/12/2020,Margin,PEP,PEP 2020-05-15 Call $137.00,BTO,7,$0.72,($504.00),N,$25.16
05/11/2020,05/11/2020,05/12/2020,Margin,PEP,PEP 2020-05-15 Call $137.00,BTO,1,$0.72,($72.00),N,$529.16
05/11/2020,05/11/2020,05/11/2020,Margin,,ACH Deposit,ACH,--,,$580.00,N,$601.16
05/08/2020,05/08/2020,05/11/2020,Margin,--,Option Expiration for BA 2020-05-08 call $150.00,OEXP,2S,,--,N,$21.16
05/08/2020,05/08/2020,05/11/2020,Margin,--,Option Expiration for DAL 2020-05-08 put $19.00,OEXP,10S,,--,N,$21.16
05/08/2020,05/08/2020,05/11/2020,Margin,--,Option Expiration for ISRG 2020-05-08 call $545.00,OEXP,1S,,--,N,$21.16
05/07/2020,05/07/2020,05/08/2020,Margin,ISRG,ISRG 2020-05-08 Call $545.00,BTO,1,$0.85,($85.00),N,$21.16
05/07/2020,05/07/2020,05/07/2020,Margin,,ACH Deposit,ACH,--,,$100.00,N,$106.16
05/06/2020,05/06/2020,05/07/2020,Margin,DAL,DAL 2020-05-08 Put $19.00,BTO,2,$0.10,($20.00),N,$6.16
05/06/2020,05/06/2020,05/07/2020,Margin,DAL,DAL 2020-05-08 Put $19.00,BTO,3,$0.10,($30.00),N,$26.16
05/06/2020,05/06/2020,05/07/2020,Margin,DAL,DAL 2020-05-08 Put $19.00,BTO,5,$0.10,($50.00),N,$56.16
05/06/2020,05/06/2020,05/06/2020,Margin,,ACH Deposit,ACH,--,,$100.00,N,$106.16
05/01/2020,05/01/2020,05/04/2020,Margin,--,Option Expiration for CMG 2020-05-01 call $920.00,OEXP,1S,,--,N,$6.16
05/01/2020,05/01/2020,05/04/2020,Margin,--,Option Expiration for COST 2020-05-01 call $320.00,OEXP,1S,,--,N,$6.16
05/01/2020,05/01/2020,05/04/2020,Margin,--,Option Expiration for PEP 2020-05-01 call $139.00,OEXP,10S,,--,N,$6.16
04/30/2020,04/30/2020,05/01/2020,Margin,CMG,CMG 2020-05-01 Call $920.00,BTO,1,$1.00,($100.00),N,$6.16
04/30/2020,04/30/2020,04/30/2020,Margin,,ACH Deposit,ACH,--,,$100.00,N,$106.16
04/30/2020,04/30/2020,05/01/2020,Margin,BA,BA 2020-05-08 Call $150.00,BTO,2,$4.20,($840.00),N,$6.16
04/30/2020,04/30/2020,05/01/2020,Margin,PEP,PEP 2020-05-08 Call $137.00,STC,-10,$0.40,$399.97,N,$846.16
04/29/2020,04/29/2020,04/30/2020,Margin,PEP,PEP 2020-05-08 Call $137.00,BTO,1,$0.69,($69.00),N,$446.19
04/29/2020,04/29/2020,04/30/2020,Margin,PEP,PEP 2020-05-08 Call $137.00,BTO,2,$0.69,($138.00),N,$515.19
04/29/2020,04/29/2020,04/30/2020,Margin,PEP,PEP 2020-05-08 Call $137.00,BTO,1,$0.69,($69.00),N,$653.19
04/29/2020,04/29/2020,04/30/2020,Margin,PEP,PEP 2020-05-08 Call $137.00,BTO,2,$0.69,($138.00),N,$722.19
04/29/2020,04/29/2020,04/30/2020,Margin,PEP,PEP 2020-05-08 Call $137.00,BTO,2,$0.69,($138.00),N,$860.19
04/29/2020,04/29/2020,04/30/2020,Margin,PEP,PEP 2020-05-08 Call $137.00,BTO,2,$0.69,($138.00),N,$998.19
04/29/2020,04/29/2020,04/30/2020,Margin,PEP,PEP 2020-05-01 Call $139.00,BTO,5,$0.14,($70.00),N,"$1,136.19"
04/29/2020,04/29/2020,04/30/2020,Margin,PEP,PEP 2020-05-01 Call $139.00,BTO,5,$0.14,($70.00),N,"$1,206.19"
04/29/2020,04/29/2020,04/30/2020,Margin,WYND,WYND 2020-05-15 Call $25.00,STC,-5,$2.50,"$1,249.96",N,"$1,276.19"
04/27/2020,04/27/2020,04/28/2020,Margin,WYND,WYND 2020-05-15 Call $25.00,BTO,5,$0.95,($475.00),N,$26.23
04/27/2020,04/27/2020,04/27/2020,Margin,,ACH Deposit,ACH,--,,$500.00,N,$501.23
04/27/2020,04/27/2020,04/27/2020,Margin,,ACH Deposit,ACH,--,,$100.00,N,$1.23
04/27/2020,04/27/2020,04/28/2020,Margin,COST,COST 2020-05-01 Call $320.00,BTO,1,$1.03,($103.00),N,($98.77)
04/24/2020,04/24/2020,04/27/2020,Margin,--,Option Expiration for DAL 2020-04-24 put $20.00,OEXP,8S,,--,N,$4.23
04/24/2020,04/24/2020,04/27/2020,Margin,BA,BA 2020-04-24 Put $129.00,STC,-2,$0.01,$1.98,N,$4.23
04/22/2020,04/22/2020,04/23/2020,Margin,BA,BA 2020-04-24 Put $129.00,BTO,2,$1.35,($270.00),N,$2.25
04/22/2020,04/22/2020,04/22/2020,Margin,,ACH Deposit,ACH,--,,$10.00,N,$272.25
04/22/2020,04/22/2020,04/23/2020,Margin,BA,BA 2020-04-24 Put $130.00,STC,-1,$1.45,$144.98,N,$262.25
04/22/2020,04/22/2020,04/23/2020,Margin,DIS,DIS 2020-04-24 Put $97.50,STC,-2,$0.58,$115.98,N,$117.27
04/20/2020,04/20/2020,04/21/2020,Margin,DIS,DIS 2020-04-24 Put $97.50,BTO,2,$1.07,($214.00),N,$1.29
04/20/2020,04/20/2020,04/21/2020,Margin,BA,BA 2020-04-24 Put $130.00,BTO,1,$1.60,($160.00),N,$215.29
04/17/2020,04/17/2020,04/20/2020,Margin,--,Option Expiration for BA 2020-04-17 put $120.00,OEXP,1S,,--,N,$375.29
04/17/2020,04/17/2020,04/20/2020,Margin,--,Option Expiration for DIS 2020-04-17 put $96.00,OEXP,4S,,--,N,$375.29
04/17/2020,04/17/2020,04/20/2020,Margin,ZGNX,ZGNX 2020-04-17 Call $27.00,STC,-1,$0.13,$12.98,N,$375.29
04/17/2020,04/17/2020,04/20/2020,Margin,ZGNX,ZGNX 2020-04-17 Call $27.00,STC,-2,$0.13,$25.98,N,$362.31
04/17/2020,04/17/2020,04/20/2020,Margin,DAL,DAL 2020-04-24 Put $20.00,BTO,3,$0.35,($105.00),N,$336.33
04/17/2020,04/17/2020,04/20/2020,Margin,DAL,DAL 2020-04-24 Put $20.00,BTO,5,$0.35,($175.00),N,$441.33
04/16/2020,04/16/2020,04/17/2020,Margin,DIS,DIS 2020-04-17 Put $96.00,BTO,2,$0.15,($30.00),N,$616.33
04/16/2020,04/16/2020,04/17/2020,Margin,DIS,DIS 2020-04-17 Put $96.00,BTO,2,$0.15,($30.00),N,$646.33
04/15/2020,04/15/2020,04/16/2020,Margin,ZGNX,ZGNX 2020-04-17 Call $27.00,BTO,3,$0.40,($120.00),N,$676.33
04/15/2020,04/15/2020,04/15/2020,Margin,,ACH Withdrawal,ACH,--,,"($2,180.00)",N,$796.33
04/15/2020,04/15/2020,04/16/2020,Margin,BA,BA 2020-04-17 Put $120.00,BTO,1,$1.12,($112.00),N,"$2,976.33"
04/15/2020,04/15/2020,04/16/2020,Margin,BA,BA 2020-04-17 Put $140.00,STC,-1,$7.95,$794.97,N,"$3,088.33"
04/14/2020,04/14/2020,04/15/2020,Margin,BA,BA 2020-04-17 Put $140.00,BTO,1,$2.20,($220.00),N,"$2,293.36"
04/14/2020,04/14/2020,04/15/2020,Margin,JD,JD 2020-04-17 Call $45.00,STC,-4,$0.73,$291.98,N,"$2,513.36"
04/14/2020,04/14/2020,04/15/2020,Margin,JD,JD 2020-04-17 Call $45.00,STC,-1,$0.73,$72.98,N,"$2,221.38"
04/14/2020,04/14/2020,04/15/2020,Margin,JD,JD 2020-04-17 Call $45.00,STC,-1,$0.73,$72.98,N,"$2,148.40"
04/14/2020,04/14/2020,04/15/2020,Margin,JD,JD 2020-04-17 Call $45.00,STC,-4,$0.73,$291.98,N,"$2,075.42"
04/14/2020,04/14/2020,04/15/2020,Margin,JD,JD 2020-04-17 Call $44.50,STC,-2,$1.00,$199.98,N,"$1,783.44"
04/14/2020,04/14/2020,04/15/2020,Margin,JD,JD 2020-04-17 Call $44.50,STC,-6,$1.00,$599.97,N,"$1,583.46"
04/14/2020,04/14/2020,04/15/2020,Margin,JD,JD 2020-04-17 Call $44.50,STC,-1,$1.00,$99.98,N,$983.49
04/14/2020,04/14/2020,04/15/2020,Margin,JD,JD 2020-04-17 Call $44.50,STC,-1,$1.00,$99.98,N,$883.51
04/13/2020,04/13/2020,04/14/2020,Margin,JD,JD 2020-04-17 Call $44.50,BTO,10,$0.21,($210.00),N,$783.53
04/13/2020,04/13/2020,04/14/2020,Margin,JD,JD 2020-04-17 Call $45.00,BTO,10,$0.20,($200.00),N,$993.53
04/09/2020,04/09/2020,04/13/2020,Margin,--,Option Expiration for COST 2020-04-09 put $280.00,OEXP,1S,,--,N,"$1,193.53"
04/09/2020,04/09/2020,04/13/2020,Margin,SMG,SMG 2020-04-17 Call $110.00,STC,-3,$3.60,"$1,079.96",N,"$1,193.53"
04/08/2020,04/08/2020,04/09/2020,Margin,SMG,SMG 2020-04-17 Call $110.00,BTO,3,$1.65,($495.00),N,$113.57
04/08/2020,04/08/2020,04/08/2020,Margin,,ACH Deposit,ACH,--,,$600.00,N,$608.57
04/03/2020,04/03/2020,04/06/2020,Margin,--,Option Expiration for JD 2020-04-03 call $45.00,OEXP,30S,,--,N,$8.57
04/03/2020,04/03/2020,04/06/2020,Margin,--,Option Expiration for JD 2020-04-03 call $43.00,OEXP,10S,,--,N,$8.57
04/03/2020,04/03/2020,04/06/2020,Margin,COST,COST 2020-04-09 Put $280.00,BTO,1,$2.15,($215.00),N,$8.57
04/02/2020,04/02/2020,04/03/2020,Margin,COST,COST 2020-04-09 Put $280.00,STC,-1,$2.12,$211.98,N,$223.57
04/02/2020,04/02/2020,04/03/2020,Margin,COST,COST 2020-04-09 Put $280.00,BTO,1,$3.50,($350.00),N,$11.59
04/02/2020,04/02/2020,04/02/2020,Margin,,ACH Withdrawal,ACH,--,,"($1,000.00)",N,$361.59
04/01/2020,04/01/2020,04/02/2020,Margin,JD,JD 2020-04-03 Call $43.00,BTO,10,$0.15,($150.00),N,"$1,361.59"
04/01/2020,04/01/2020,04/02/2020,Margin,NTES,NTES 2020-04-03 Call $335.00,STC,-1,$2.85,$284.98,N,"$1,511.59"
04/01/2020,04/01/2020,04/02/2020,Margin,NTES,NTES 2020-04-03 Call $335.00,BTO,1,$4.20,($420.00),N,"$1,226.61"
04/01/2020,04/01/2020,04/02/2020,Margin,JD,JD 2020-04-03 Call $45.00,BTO,2,$0.07,($14.00),N,"$1,646.61"
04/01/2020,04/01/2020,04/02/2020,Margin,JD,JD 2020-04-03 Call $45.00,BTO,13,$0.07,($91.00),N,"$1,660.61"
04/01/2020,04/01/2020,04/02/2020,Margin,JD,JD 2020-04-03 Call $45.00,BTO,15,$0.07,($105.00),N,"$1,751.61"
04/01/2020,04/01/2020,04/02/2020,Margin,NTES,NTES 2020-04-03 Call $322.50,STC,-1,$11.00,"$1,099.96",N,"$1,856.61"
03/31/2020,03/31/2020,04/01/2020,Margin,NTES,NTES 2020-04-03 Call $322.50,BTO,1,$5.00,($500.00),N,$756.65
03/31/2020,03/31/2020,04/01/2020,Margin,NVDA,NVDA 2020-04-03 Call $270.00,STC,-1,$7.50,$749.97,N,"$1,256.65"
03/30/2020,03/30/2020,03/31/2020,Margin,NVDA,NVDA 2020-04-03 Call $270.00,BTO,1,$5.80,($580.00),N,$506.68
03/30/2020,03/30/2020,03/31/2020,Margin,CAH,CAH 2020-04-03 Call $46.00,STC,-4,$2.70,"$1,079.96",N,"$1,086.68"
03/27/2020,03/27/2020,03/30/2020,Margin,--,Option Expiration for AUY 2020-03-27 call $3.50,OEXP,20S,,--,N,$6.72
03/27/2020,03/27/2020,03/30/2020,Margin,--,Option Expiration for GDX 2020-03-27 call $27.00,OEXP,7S,,--,N,$6.72
03/27/2020,03/27/2020,03/30/2020,Margin,CAH,CAH 2020-04-03 Call $46.00,BTO,4,$1.40,($560.00),N,$6.72
03/27/2020,03/27/2020,03/27/2020,Margin,,ACH Deposit,ACH,--,,$560.00,N,$566.72
03/24/2020,03/24/2020,03/25/2020,Margin,GDX,GDX 2020-03-27 Call $27.00,BTO,7,$0.57,($399.00),N,$6.72
03/24/2020,03/24/2020,03/25/2020,Margin,AUY,AUY 2020-03-27 Call $3.50,BTO,20,$0.04,($80.00),N,$405.72
03/24/2020,03/24/2020,03/25/2020,Margin,INTC,INTC 2020-03-27 Call $49.00,STC,-1,$4.85,$484.97,N,$485.72
03/20/2020,03/20/2020,03/23/2020,Margin,--,Option Expiration for WMT 2020-03-20 call $130.00,OEXP,20S,,--,N,$0.75
03/20/2020,03/20/2020,03/23/2020,Margin,INTC,INTC 2020-03-27 Call $49.00,BTO,1,$1.66,($166.00),N,$0.75
03/20/2020,03/20/2020,03/23/2020,Margin,WMT,WMT 2020-03-27 Call $125.00,STC,-2,$0.80,$159.98,N,$166.75
03/20/2020,03/20/2020,03/23/2020,Margin,WMT,WMT 2020-03-27 Call $125.00,BTO,2,$1.95,($390.00),N,$6.77
03/20/2020,03/20/2020,03/20/2020,Margin,,ACH Withdrawal,ACH,--,,"($1,940.00)",N,$396.77
03/19/2020,03/19/2020,03/20/2020,Margin,WMT,WMT 2020-03-20 Call $130.00,BTO,18,$0.05,($90.00),N,"$2,336.77"
03/19/2020,03/19/2020,03/20/2020,Margin,WMT,WMT 2020-03-20 Call $130.00,BTO,1,$0.05,($5.00),N,"$2,426.77"
03/19/2020,03/19/2020,03/20/2020,Margin,WMT,WMT 2020-03-20 Call $130.00,BTO,1,$0.05,($5.00),N,"$2,431.77"
03/19/2020,03/19/2020,03/20/2020,Margin,TSLA,TSLA 2020-03-20 Call $450.00,STC,-1,$15.23,"$1,522.95",N,"$2,436.77"
03/19/2020,03/19/2020,03/20/2020,Margin,TSLA,TSLA 2020-03-20 Call $450.00,BTO,1,$10.50,"($1,050.00)",N,$913.82
03/19/2020,03/19/2020,03/20/2020,Margin,ZM,ZM 2020-03-20 Call $123.00,STC,-3,$6.50,"$1,949.94",N,"$1,963.82"
03/17/2020,03/17/2020,03/18/2020,Margin,ZM,ZM 2020-03-20 Call $123.00,BTO,2,$1.24,($248.00),N,$13.88
03/17/2020,03/17/2020,03/17/2020,Margin,,ACH Deposit,ACH,--,,$260.00,N,$261.88
03/17/2020,03/17/2020,03/18/2020,Margin,ZM,ZM 2020-03-20 Call $123.00,BTO,1,$1.30,($130.00),N,$1.88
03/17/2020,03/17/2020,03/17/2020,Margin,,ACH Deposit,ACH,--,,$30.00,N,$131.88
03/17/2020,03/17/2020,03/17/2020,Margin,,ACH Deposit,ACH,--,,$100.00,N,$101.88
03/13/2020,03/13/2020,03/16/2020,Margin,--,Option Expiration for TSLA 2020-03-13 call $725.00,OEXP,2S,,--,N,$1.88
03/11/2020,03/11/2020,03/12/2020,Margin,TSLA,TSLA 2020-03-13 Call $725.00,BTO,2,$1.10,($220.00),N,$1.88
03/10/2020,03/10/2020,03/11/2020,Margin,WMT,WMT 2020-03-13 Call $120.00,STC,-1,$1.26,$125.98,N,$221.88
03/09/2020,03/09/2020,03/10/2020,Margin,WMT,WMT 2020-03-13 Call $120.00,BTO,1,$1.50,($150.00),N,$95.90
03/09/2020,03/09/2020,03/10/2020,Margin,GILD,GILD 2020-03-13 Call $85.00,STC,-1,$0.77,$76.98,N,$245.90
03/06/2020,03/06/2020,03/09/2020,Margin,--,Option Expiration for ANTM 2020-03-06 call $307.50,OEXP,1S,,--,N,$168.92
03/06/2020,03/06/2020,03/09/2020,Margin,GILD,GILD 2020-03-13 Call $85.00,BTO,1,$1.65,($165.00),N,$168.92
03/06/2020,03/06/2020,03/09/2020,Margin,GILD,GILD 2020-03-13 Call $80.00,STC,-1,$3.25,$324.98,N,$333.92
03/06/2020,03/06/2020,03/09/2020,Margin,GILD,GILD 2020-03-13 Call $80.00,BTO,1,$1.35,($135.00),N,$8.94
03/06/2020,03/06/2020,03/06/2020,Margin,,ACH Deposit,ACH,--,,$10.00,N,$143.94
03/06/2020,03/06/2020,03/09/2020,Margin,TSLA,TSLA 2020-03-06 Call $750.00,STC,-1,$0.86,$85.98,N,$133.94
03/05/2020,03/05/2020,03/06/2020,Margin,TSLA,TSLA 2020-03-06 Call $750.00,BTO,1,$4.75,($475.00),N,$47.96
03/05/2020,03/05/2020,03/06/2020,Margin,NFLX,NFLX 2020-03-06 Call $390.00,STC,-2,$0.43,$85.98,N,$522.96
03/05/2020,03/05/2020,03/06/2020,Margin,LK,LK 2020-03-06 Call $43.50,STC,-10,$0.20,$199.97,N,$436.98
03/05/2020,03/05/2020,03/06/2020,Margin,TSLA,TSLA 2020-03-06 Call $762.50,STC,-1,$2.19,$218.98,N,$237.01
03/05/2020,03/05/2020,03/06/2020,Margin,TSLA,TSLA 2020-03-06 Call $762.50,BTO,1,$3.80,($380.00),N,$18.03
03/05/2020,03/05/2020,03/06/2020,Margin,LK,LK 2020-03-06 Call $43.50,BTO,10,$0.10,($100.00),N,$398.03
03/04/2020,03/04/2020,03/05/2020,Margin,ANTM,ANTM 2020-03-06 Call $307.50,BTO,1,$0.45,($45.00),N,$498.03
03/04/2020,03/04/2020,03/05/2020,Margin,NFLX,NFLX 2020-03-06 Call $390.00,BTO,1,$1.07,($107.00),N,$543.03
03/04/2020,03/04/2020,03/05/2020,Margin,NFLX,NFLX 2020-03-06 Call $390.00,BTO,1,$1.50,($150.00),N,$650.03
03/04/2020,03/04/2020,03/05/2020,Margin,NTES,NTES 2020-03-06 Call $327.50,STC,-1,$8.00,$799.97,N,$800.03
03/03/2020,03/03/2020,03/04/2020,Margin,NTES,NTES 2020-03-06 Call $327.50,BTO,1,$2.80,($280.00),N,$0.06
03/03/2020,03/03/2020,03/04/2020,Margin,NFLX,NFLX 2020-03-13 Call $410.00,STC,-1,$1.80,$179.98,N,$280.06
03/03/2020,03/03/2020,03/03/2020,Margin,,ACH Deposit,ACH,--,,$100.00,N,$100.08
02/28/2020,02/28/2020,03/02/2020,Margin,--,Option Expiration for ANTM 2020-02-28 call $315.00,OEXP,10S,,--,N,$0.08
02/28/2020,02/28/2020,03/02/2020,Margin,--,Option Expiration for ANTM 2020-02-28 call $312.50,OEXP,10S,,--,N,$0.08
02/28/2020,02/28/2020,03/02/2020,Margin,--,Option Expiration for NFLX 2020-02-28 call $390.00,OEXP,1S,,--,N,$0.08
02/28/2020,02/28/2020,03/02/2020,Margin,--,Option Expiration for TSLA 2020-02-28 call $900.00,OEXP,1S,,--,N,$0.08
02/28/2020,02/28/2020,03/02/2020,Margin,--,Option Expiration for ANTM 2020-02-28 call $310.00,OEXP,10S,,--,N,$0.08
02/28/2020,02/28/2020,03/02/2020,Margin,--,Option Expiration for NFLX 2020-02-28 call $400.00,OEXP,1S,,--,N,$0.08
02/28/2020,02/28/2020,03/02/2020,Margin,NFLX,NFLX 2020-03-13 Call $410.00,BTO,1,$4.30,($430.00),N,$0.08
02/28/2020,02/28/2020,02/28/2020,Margin,,ACH Deposit,ACH,--,,$16.00,N,$430.08
02/27/2020,02/27/2020,02/28/2020,Margin,NFLX,NFLX 2020-02-28 Call $390.00,BTO,1,$1.56,($156.00),N,$414.08
02/27/2020,02/27/2020,02/27/2020,Margin,--,Received Stock Referral Reward for INO,REC,1,,--,N,$570.08
02/27/2020,02/27/2020,02/28/2020,Margin,NFLX,NFLX 2020-02-28 Call $400.00,BTO,1,$1.90,($190.00),N,$570.08
02/27/2020,02/27/2020,02/28/2020,Margin,CLX,CLX 2020-03-06 Call $172.50,STC,-2,$3.80,$759.97,N,$760.08
02/26/2020,02/26/2020,02/27/2020,Margin,TSLA,TSLA 2020-02-28 Call $900.00,BTO,1,$1.70,($170.00),N,$0.11
02/26/2020,02/26/2020,02/26/2020,Margin,,ACH Deposit,ACH,--,,$20.00,N,$170.11
02/26/2020,02/26/2020,02/26/2020,Margin,,ACH Deposit,ACH,--,,$75.00,N,$150.11
02/25/2020,02/25/2020,02/26/2020,Margin,CLX,CLX 2020-03-06 Call $172.50,BTO,1,$1.30,($130.00),N,$75.11
02/25/2020,02/25/2020,02/26/2020,Margin,CLX,CLX 2020-03-06 Call $172.50,BTO,1,$1.30,($130.00),N,$205.11
02/24/2020,02/24/2020,02/25/2020,Margin,ANTM,ANTM 2020-02-28 Call $310.00,BTO,3,$0.10,($30.00),N,$335.11
02/24/2020,02/24/2020,02/25/2020,Margin,ANTM,ANTM 2020-02-28 Call $310.00,BTO,7,$0.10,($70.00),N,$365.11
02/24/2020,02/24/2020,02/25/2020,Margin,ANTM,ANTM 2020-02-28 Call $315.00,BTO,10,$0.10,($100.00),N,$435.11
02/24/2020,02/24/2020,02/25/2020,Margin,ANTM,ANTM 2020-02-28 Call $312.50,BTO,1,$0.06,($6.00),N,$535.11
02/24/2020,02/24/2020,02/25/2020,Margin,ANTM,ANTM 2020-02-28 Call $312.50,BTO,9,$0.06,($54.00),N,$541.11
02/21/2020,02/21/2020,02/24/2020,Margin,--,Option Expiration for PCRX 2020-02-21 call $65.00,OEXP,21S,,--,N,$595.11
02/21/2020,02/21/2020,02/24/2020,Margin,--,Option Expiration for ANTM 2020-02-21 call $315.00,OEXP,10S,,--,N,$595.11
02/21/2020,02/21/2020,02/24/2020,Margin,--,Option Expiration for DELL 2020-02-21 call $55.00,OEXP,10S,,--,N,$595.11
02/21/2020,02/21/2020,02/21/2020,Margin,,ACH Withdrawal,ACH,--,,($270.00),N,$595.11
02/21/2020,02/21/2020,02/24/2020,Margin,AAPL,AAPL 2020-02-21 Put $315.00,STC,-2,$1.90,$379.98,N,$865.11
02/20/2020,02/20/2020,02/21/2020,Margin,AAPL,AAPL 2020-02-21 Put $315.00,BTO,1,$0.56,($56.00),N,$485.13
02/20/2020,02/20/2020,02/21/2020,Margin,AAPL,AAPL 2020-02-21 Put $315.00,BTO,1,$0.90,($90.00),N,$541.13
02/19/2020,02/19/2020,02/20/2020,Margin,DELL,DELL 2020-02-21 Call $55.00,BTO,10,$0.09,($90.00),N,$631.13
02/19/2020,02/19/2020,02/20/2020,Margin,BYND,BYND 2020-02-21 Call $122.00,STC,-1,$7.20,$719.97,N,$721.13
02/19/2020,02/19/2020,02/19/2020,Margin,,ACH Deposit,ACH,--,,$100.00,N,$1.16
02/19/2020,02/19/2020,02/20/2020,Margin,PCRX,PCRX 2020-02-21 Call $65.00,BTO,10,$0.05,($50.00),N,($98.84)
02/19/2020,02/19/2020,02/20/2020,Margin,PCRX,PCRX 2020-02-21 Call $65.00,BTO,10,$0.05,($50.00),N,($48.84)
02/18/2020,02/18/2020,02/19/2020,Margin,ANTM,ANTM 2020-02-21 Call $315.00,BTO,1,$0.11,($11.00),N,$1.16
02/18/2020,02/18/2020,02/18/2020,Margin,,ACH Deposit,ACH,--,,$11.00,N,$12.16
02/18/2020,02/18/2020,02/19/2020,Margin,ANTM,ANTM 2020-02-21 Call $315.00,BTO,9,$0.11,($99.00),N,$1.16
02/18/2020,02/18/2020,02/18/2020,Margin,,ACH Deposit,ACH,--,,$100.00,N,$100.16
02/18/2020,02/18/2020,02/19/2020,Margin,PCRX,PCRX 2020-02-21 Call $65.00,BTO,1,$0.05,($5.00),N,$0.16
02/18/2020,02/18/2020,02/18/2020,Margin,,ACH Deposit,ACH,--,,$2.00,N,$5.16
02/18/2020,02/18/2020,02/19/2020,Margin,BYND,BYND 2020-02-21 Call $122.00,BTO,1,$2.00,($200.00),N,$3.16
02/14/2020,02/14/2020,02/18/2020,Margin,--,Option Expiration for KSS 2020-02-14 put $42.00,OEXP,4S,,--,N,$203.16
02/14/2020,02/14/2020,02/18/2020,Margin,--,Option Expiration for JNUG 2020-02-14 call $77.00,OEXP,5S,,--,N,$203.16
02/13/2020,02/13/2020,02/14/2020,Margin,CHKP,CHKP 2020-02-21 Call $120.00,STC,-5,$0.40,$199.98,N,$203.16
02/12/2020,02/12/2020,02/13/2020,Margin,JNUG,JNUG 2020-02-14 Call $77.00,BTO,5,$0.30,($150.00),N,$3.18
02/12/2020,02/12/2020,02/13/2020,Margin,CHKP,CHKP 2020-02-21 Call $120.00,BTO,5,$0.70,($350.00),N,$153.18
02/12/2020,02/12/2020,02/13/2020,Margin,TSLA,TSLA 2020-02-14 Put $730.00,STC,-1,$4.50,$449.98,N,$503.18
02/11/2020,02/11/2020,02/12/2020,Margin,TSLA,TSLA 2020-02-14 Put $730.00,BTO,1,$8.10,($810.00),N,$53.20
02/11/2020,02/11/2020,02/11/2020,Margin,,ACH Deposit,ACH,--,,$850.00,N,$863.20
02/07/2020,02/07/2020,02/10/2020,Margin,--,"Option Expiration for GOOGL 2020-02-07 call $1,490.00",OEXP,1S,,--,N,$13.20
02/07/2020,02/07/2020,02/10/2020,Margin,KSS,KSS 2020-02-14 Put $42.00,BTO,1,$0.28,($28.00),N,$13.20
02/07/2020,02/07/2020,02/10/2020,Margin,KSS,KSS 2020-02-14 Put $42.00,BTO,2,$0.28,($56.00),N,$41.20
02/07/2020,02/07/2020,02/10/2020,Margin,KSS,KSS 2020-02-14 Put $42.00,BTO,1,$0.28,($28.00),N,$97.20
02/07/2020,02/07/2020,02/07/2020,Margin,,ACH Deposit,ACH,--,,$125.00,N,$125.20
02/06/2020,02/06/2020,02/07/2020,Margin,GOOGL,"GOOGL 2020-02-07 Call $1,490.00",BTO,1,$2.95,($295.00),N,$0.20
02/06/2020,02/06/2020,02/07/2020,Margin,CMG,CMG 2020-02-07 Put $840.00,STC,-1,$2.30,$229.98,N,$295.20
02/05/2020,02/05/2020,02/06/2020,Margin,CMG,CMG 2020-02-07 Put $840.00,BTO,1,$3.30,($330.00),N,$65.22
02/05/2020,02/05/2020,02/05/2020,Margin,,ACH Withdrawal,ACH,--,,"($1,000.00)",N,$395.22
02/05/2020,02/05/2020,02/06/2020,Margin,LYFT,LYFT 2020-02-07 Call $52.00,STC,-1,$0.26,$25.98,N,"$1,395.22"
02/05/2020,02/05/2020,02/06/2020,Margin,LYFT,LYFT 2020-02-07 Call $52.00,STC,-2,$0.26,$51.98,N,"$1,369.24"
02/05/2020,02/05/2020,02/06/2020,Margin,LYFT,LYFT 2020-02-07 Call $52.00,STC,-2,$0.26,$51.98,N,"$1,317.26"
02/04/2020,02/04/2020,02/05/2020,Margin,LYFT,LYFT 2020-02-07 Call $52.00,BTO,5,$0.52,($260.00),N,"$1,265.28"
02/04/2020,02/04/2020,02/05/2020,Margin,AMZN,"AMZN 2020-02-07 Call $2,070.00",STC,-1,$10.35,"$1,034.96",N,"$1,525.28"
02/04/2020,02/04/2020,02/05/2020,Margin,AMZN,"AMZN 2020-02-07 Call $2,070.00",BTO,1,$5.60,($560.00),N,$490.32
02/04/2020,02/04/2020,02/05/2020,Margin,IBM,IBM 2020-02-14 Call $148.00,STC,-2,$1.72,$343.98,N,"$1,050.32"
02/04/2020,02/04/2020,02/05/2020,Margin,IBM,IBM 2020-02-14 Call $148.00,STC,-1,$1.72,$171.98,N,$706.34
02/04/2020,02/04/2020,02/05/2020,Margin,IBM,IBM 2020-02-14 Call $148.00,STC,-1,$1.72,$171.98,N,$534.36
02/04/2020,02/04/2020,02/05/2020,Margin,IBM,IBM 2020-02-14 Call $148.00,STC,-1,$1.72,$171.98,N,$362.38
02/04/2020,02/04/2020,02/05/2020,Margin,IBM,IBM 2020-02-14 Call $148.00,STC,-1,$1.72,$171.98,N,$190.40
02/03/2020,02/03/2020,02/04/2020,Margin,IBM,IBM 2020-02-14 Call $148.00,BTO,6,$0.55,($330.00),N,$18.42
01/24/2020,01/24/2020,01/27/2020,Margin,TLT,TLT 2020-01-31 Call $140.50,STC,-2,$1.70,$339.98,N,$348.42
01/14/2020,01/14/2020,01/15/2020,Margin,TLT,TLT 2020-01-31 Call $140.50,BTO,1,$0.47,($47.00),N,$8.44
01/14/2020,01/14/2020,01/15/2020,Margin,TLT,TLT 2020-01-31 Call $140.50,BTO,1,$0.47,($47.00),N,$55.44
01/03/2020,01/03/2020,01/06/2020,Margin,--,Option Expiration for BA 2020-01-03 call $385.00,OEXP,10S,,--,N,$102.44
01/03/2020,01/03/2020,01/06/2020,Margin,--,Option Expiration for BA 2020-01-03 call $390.00,OEXP,2S,,--,N,$102.44
01/03/2020,01/03/2020,01/06/2020,Margin,--,Option Expiration for ROKU 2020-01-03 put $122.00,OEXP,1S,,--,N,$102.44
01/02/2020,01/02/2020,01/03/2020,Margin,FIVE,FIVE 2020-01-03 Call $129.00,STC,-1,$0.50,$49.98,N,$102.44
01/02/2020,01/02/2020,01/03/2020,Margin,FIVE,FIVE 2020-01-03 Call $129.00,STC,-1,$0.50,$49.98,N,$52.46
12/30/2019,12/30/2019,12/31/2019,Margin,ROKU,ROKU 2020-01-03 Put $122.00,BTO,1,$0.68,($68.00),N,$2.48
12/30/2019,12/30/2019,12/30/2019,Margin,,ACH Deposit,ACH,--,,$35.00,N,$70.48
12/30/2019,12/30/2019,12/31/2019,Margin,FIVE,FIVE 2020-01-03 Call $129.00,BTO,2,$1.10,($220.00),N,$35.48
12/30/2019,12/30/2019,12/31/2019,Margin,QCOM,QCOM 2020-01-03 Call $90.00,STC,-8,$0.30,$239.97,N,$255.48
12/27/2019,12/27/2019,12/30/2019,Margin,--,Option Expiration for TTWO 2019-12-27 call $128.00,OEXP,15S,,--,N,$15.51
12/27/2019,12/27/2019,12/30/2019,Margin,--,Option Expiration for PYPL 2019-12-27 call $111.00,OEXP,10S,,--,N,$15.51
12/27/2019,12/27/2019,12/30/2019,Margin,--,Option Expiration for QCOM 2019-12-27 call $90.00,OEXP,20S,,--,N,$15.51
12/27/2019,12/27/2019,12/30/2019,Margin,QCOM,QCOM 2020-01-03 Call $90.00,BTO,1,$0.51,($51.00),N,$15.51
12/27/2019,12/27/2019,12/30/2019,Margin,QCOM,QCOM 2020-01-03 Call $90.00,BTO,4,$0.51,($204.00),N,$66.51
12/27/2019,12/27/2019,12/30/2019,Margin,QCOM,QCOM 2020-01-03 Call $90.00,BTO,3,$0.51,($153.00),N,$270.51
12/27/2019,12/27/2019,12/30/2019,Margin,PYPL,PYPL 2020-01-03 Call $110.00,STC,-1,$0.70,$69.98,N,$423.51
12/27/2019,12/27/2019,12/30/2019,Margin,PYPL,PYPL 2020-01-03 Call $110.00,STC,-5,$0.70,$349.98,N,$353.53
12/26/2019,12/26/2019,12/27/2019,Margin,PYPL,PYPL 2019-12-27 Call $111.00,BTO,10,$0.04,($40.00),N,$3.55
12/26/2019,12/26/2019,12/27/2019,Margin,PYPL,PYPL 2020-01-03 Call $110.00,BTO,6,$0.72,($432.00),N,$43.55
12/26/2019,12/26/2019,12/27/2019,Margin,QCOM,QCOM 2019-12-27 Call $90.00,BTO,8,$0.05,($40.00),N,$475.55
12/26/2019,12/26/2019,12/27/2019,Margin,QCOM,QCOM 2019-12-27 Call $90.00,BTO,6,$0.05,($30.00),N,$515.55
12/26/2019,12/26/2019,12/27/2019,Margin,QCOM,QCOM 2019-12-27 Call $90.00,BTO,6,$0.05,($30.00),N,$545.55
12/26/2019,12/26/2019,12/27/2019,Margin,BIIB,BIIB 2019-12-27 Call $305.00,STC,-3,$1.75,$524.97,N,$575.55
12/23/2019,12/23/2019,12/24/2019,Margin,TTWO,TTWO 2019-12-27 Call $128.00,BTO,5,$0.10,($50.00),N,$50.58
12/23/2019,12/23/2019,12/23/2019,Margin,,ACH Deposit,ACH,--,,$50.00,N,$100.58
12/23/2019,12/23/2019,12/24/2019,Margin,TTWO,TTWO 2019-12-27 Call $128.00,BTO,10,$0.05,($50.00),N,$50.58
12/23/2019,12/23/2019,12/23/2019,Margin,,ACH Deposit,ACH,--,,$90.00,N,$100.58
12/23/2019,12/23/2019,12/23/2019,Margin,,ACH Deposit,ACH,--,,$10.00,N,$10.58
12/19/2019,12/19/2019,12/19/2019,Margin,,ACH Withdrawal,ACH,--,,"($1,295.00)",N,$0.58
12/18/2019,12/18/2019,12/19/2019,Margin,BIIB,BIIB 2019-12-27 Call $305.00,BTO,3,$1.70,($510.00),N,"$1,295.58"
12/18/2019,12/18/2019,12/19/2019,Margin,YETI,YETI 2019-12-27 Call $34.50,STC,-10,$1.25,"$1,249.95",N,"$1,805.58"
12/18/2019,12/18/2019,12/19/2019,Margin,YETI,YETI 2019-12-20 Call $35.00,STC,-10,$0.50,$499.96,N,$555.63
12/17/2019,12/17/2019,12/18/2019,Margin,YETI,YETI 2019-12-27 Call $34.50,BTO,10,$0.42,($420.00),N,$55.67
12/17/2019,12/17/2019,12/18/2019,Margin,BIIB,BIIB 2019-12-20 Call $305.00,STC,-3,$1.00,$299.98,N,$475.67
12/16/2019,12/16/2019,12/17/2019,Margin,BIIB,BIIB 2019-12-20 Call $305.00,BTO,3,$2.00,($600.00),N,$175.69
12/16/2019,12/16/2019,12/17/2019,Margin,SPOT,SPOT 2019-12-20 Call $149.00,STC,-2,$2.64,$527.97,N,$775.69
12/16/2019,12/16/2019,12/17/2019,Margin,YETI,YETI 2019-12-20 Call $35.00,BTO,10,$0.10,($100.00),N,$247.72
12/16/2019,12/16/2019,12/17/2019,Margin,MCD,MCD 2019-12-20 Call $197.50,STC,-1,$0.81,$80.98,N,$347.72
12/16/2019,12/16/2019,12/17/2019,Margin,MCD,MCD 2019-12-20 Call $197.50,STC,-1,$0.81,$80.98,N,$266.74
12/16/2019,12/16/2019,12/17/2019,Margin,MCD,MCD 2019-12-20 Call $197.50,STC,-2,$0.81,$161.98,N,$185.76
12/16/2019,12/16/2019,12/17/2019,Margin,SPOT,SPOT 2019-12-20 Call $149.00,BTO,2,$1.52,($304.00),N,$23.78
12/13/2019,12/13/2019,12/16/2019,Margin,--,Option Expiration for BA 2019-12-13 call $370.00,OEXP,4S,,--,N,$327.78
12/13/2019,12/13/2019,12/16/2019,Margin,MCD,MCD 2019-12-20 Call $197.50,BTO,1,$1.16,($116.00),N,$327.78
12/13/2019,12/13/2019,12/16/2019,Margin,MCD,MCD 2019-12-20 Call $197.50,BTO,1,$1.16,($116.00),N,$443.78
12/13/2019,12/13/2019,12/16/2019,Margin,MCD,MCD 2019-12-20 Call $197.50,BTO,1,$1.16,($116.00),N,$559.78
12/13/2019,12/13/2019,12/16/2019,Margin,MCD,MCD 2019-12-20 Call $197.50,BTO,1,$1.16,($116.00),N,$675.78
12/13/2019,12/13/2019,12/16/2019,Margin,TTD,TTD 2019-12-20 Call $252.50,STC,-1,$7.90,$789.97,N,$791.78
12/13/2019,12/13/2019,12/16/2019,Margin,TTD,TTD 2019-12-20 Call $252.50,BTO,1,$4.50,($450.00),N,$1.81
12/13/2019,12/13/2019,12/13/2019,Margin,,ACH Deposit,ACH,--,,$20.00,N,$451.81
12/13/2019,12/13/2019,12/13/2019,Margin,,ACH Deposit,ACH,--,,$5.00,N,$431.81
12/13/2019,12/13/2019,12/13/2019,Margin,,ACH Withdrawal,ACH,--,,($500.00),N,$426.81
12/13/2019,12/13/2019,12/16/2019,Margin,EA,EA 2019-12-13 Call $106.00,STC,-5,$0.05,$24.98,N,$926.81
12/12/2019,12/12/2019,12/13/2019,Margin,TTWO,TTWO 2019-12-20 Call $125.00,STC,-4,$2.15,$859.97,N,$901.83
12/12/2019,12/12/2019,12/13/2019,Margin,TTWO,TTWO 2019-12-20 Call $125.00,BTO,4,$1.01,($404.00),N,$41.86
12/12/2019,12/12/2019,12/13/2019,Margin,BIDU,BIDU 2019-12-13 Call $118.00,STC,-2,$2.20,$439.98,N,$445.86
12/11/2019,12/11/2019,12/12/2019,Margin,BA,BA 2019-12-13 Call $370.00,BTO,4,$0.05,($20.00),N,$5.88
12/11/2019,12/11/2019,12/11/2019,Margin,,ACH Deposit,ACH,--,,$22.00,N,$25.88
12/11/2019,12/11/2019,12/12/2019,Margin,EA,EA 2019-12-13 Call $106.00,BTO,1,$0.02,($2.00),N,$3.88
12/11/2019,12/11/2019,12/12/2019,Margin,EA,EA 2019-12-13 Call $106.00,BTO,1,$0.02,($2.00),N,$5.88
12/11/2019,12/11/2019,12/12/2019,Margin,EA,EA 2019-12-13 Call $106.00,BTO,1,$0.02,($2.00),N,$7.88
12/11/2019,12/11/2019,12/12/2019,Margin,EA,EA 2019-12-13 Call $106.00,BTO,1,$0.02,($2.00),N,$9.88
12/11/2019,12/11/2019,12/12/2019,Margin,EA,EA 2019-12-13 Call $106.00,BTO,1,$0.02,($2.00),N,$11.88
12/10/2019,12/10/2019,12/11/2019,Margin,BIDU,BIDU 2019-12-13 Call $118.00,BTO,1,$0.55,($55.00),N,$13.88
12/10/2019,12/10/2019,12/11/2019,Margin,BIDU,BIDU 2019-12-13 Call $118.00,BTO,1,$0.56,($56.00),N,$68.88
12/10/2019,12/10/2019,12/11/2019,Margin,EA,EA 2019-12-13 Call $103.00,STC,-1,$0.40,$39.98,N,$124.88
12/10/2019,12/10/2019,12/11/2019,Margin,EA,EA 2019-12-13 Call $103.00,STC,-2,$0.40,$79.98,N,$84.90
12/09/2019,12/09/2019,12/10/2019,Margin,BA,BA 2020-01-03 Call $385.00,BTO,1,$0.45,($45.00),N,$4.92
12/09/2019,12/09/2019,12/10/2019,Margin,BA,BA 2020-01-03 Call $385.00,BTO,2,$0.45,($90.00),N,$49.92
12/09/2019,12/09/2019,12/10/2019,Margin,BA,BA 2020-01-03 Call $385.00,BTO,2,$0.45,($90.00),N,$139.92
12/09/2019,12/09/2019,12/10/2019,Margin,BA,BA 2020-01-03 Call $385.00,BTO,1,$0.45,($45.00),N,$229.92
12/09/2019,12/09/2019,12/10/2019,Margin,BA,BA 2020-01-03 Call $385.00,BTO,1,$0.45,($45.00),N,$274.92
12/09/2019,12/09/2019,12/10/2019,Margin,BA,BA 2020-01-03 Call $385.00,BTO,3,$0.45,($135.00),N,$319.92
12/09/2019,12/09/2019,12/09/2019,Margin,,ACH Deposit,ACH,--,,$450.00,N,$454.92
12/09/2019,12/09/2019,12/10/2019,Margin,BA,BA 2020-01-03 Call $390.00,BTO,2,$0.44,($88.00),N,$4.92
12/09/2019,12/09/2019,12/10/2019,Margin,TTWO,TTWO 2019-12-13 Call $126.00,STC,-3,$0.18,$53.98,N,$92.92
12/09/2019,12/09/2019,12/10/2019,Margin,TTWO,TTWO 2019-12-13 Call $125.00,STC,-1,$0.35,$34.98,N,$38.94
12/06/2019,12/06/2019,12/09/2019,Margin,TTWO,TTWO 2019-12-13 Call $125.00,BTO,1,$0.85,($85.00),N,$3.96
12/06/2019,12/06/2019,12/06/2019,Margin,,ACH Deposit,ACH,--,,$5.00,N,$88.96
12/06/2019,12/06/2019,12/09/2019,Margin,TTWO,TTWO 2019-12-13 Call $126.00,BTO,3,$1.00,($300.00),N,$83.96
12/06/2019,12/06/2019,12/09/2019,Margin,TTWO,TTWO 2019-12-06 Call $124.00,STC,-4,$0.85,$339.98,N,$383.96
12/04/2019,12/04/2019,12/05/2019,Margin,TTWO,TTWO 2019-12-06 Call $124.00,BTO,4,$0.75,($300.00),N,$43.98
12/04/2019,12/04/2019,12/04/2019,Margin,,ACH Deposit,ACH,--,,$300.00,N,$343.98
11/29/2019,11/29/2019,12/02/2019,Margin,EA,EA 2019-12-13 Call $103.00,BTO,3,$1.14,($342.00),N,$43.98
11/26/2019,11/26/2019,11/27/2019,Margin,ISRG,ISRG 2019-12-06 Call $592.50,STC,-1,$3.80,$379.98,N,$385.98
11/22/2019,11/22/2019,11/25/2019,Margin,--,Option Expiration for VLO 2019-11-22 call $102.00,OEXP,5S,,--,N,$6.00
11/22/2019,11/22/2019,11/25/2019,Margin,ISRG,ISRG 2019-12-06 Call $592.50,BTO,1,$1.50,($150.00),N,$6.00
11/22/2019,11/22/2019,11/22/2019,Margin,,ACH Deposit,ACH,--,,$15.00,N,$156.00
11/22/2019,11/22/2019,11/25/2019,Margin,ISRG,ISRG 2019-11-29 Call $587.50,STC,-1,$0.50,$49.98,N,$141.00
11/22/2019,11/22/2019,11/25/2019,Margin,NFLX,NFLX 2019-11-22 Call $307.50,STC,-1,$0.70,$69.98,N,$91.02
11/18/2019,11/18/2019,11/19/2019,Margin,VLO,VLO 2019-11-22 Call $102.00,BTO,5,$0.22,($110.00),N,$21.04
11/18/2019,11/18/2019,11/18/2019,Margin,,ACH Deposit,ACH,--,,$125.00,N,$131.04
11/18/2019,11/18/2019,11/19/2019,Margin,ISRG,ISRG 2019-11-29 Call $587.50,BTO,1,$1.80,($180.00),N,$6.04
11/18/2019,11/18/2019,11/18/2019,Margin,,ACH Deposit,ACH,--,,$175.00,N,$186.04
11/15/2019,11/15/2019,11/18/2019,Margin,NFLX,NFLX 2019-11-22 Call $307.50,BTO,1,$1.11,($111.00),N,$11.04
11/15/2019,11/15/2019,11/18/2019,Margin,ALGN,ALGN 2019-11-15 Call $262.50,STC,-1,$1.00,$99.98,N,$122.04
11/14/2019,11/14/2019,11/15/2019,Margin,ALGN,ALGN 2019-11-15 Call $262.50,BTO,1,$1.60,($160.00),N,$22.06
11/14/2019,11/14/2019,11/15/2019,Margin,MDT,MDT 2019-11-15 Call $109.00,STC,-6,$0.29,$173.98,N,$182.06
11/13/2019,11/13/2019,11/14/2019,Margin,MDT,MDT 2019-11-15 Call $109.00,BTO,6,$0.44,($264.00),N,$8.08
11/13/2019,11/13/2019,11/14/2019,Margin,NFLX,NFLX 2019-11-22 Put $275.00,STC,-1,$2.72,$271.98,N,$272.08
11/13/2019,11/13/2019,11/14/2019,Margin,NFLX,NFLX 2019-11-22 Put $275.00,BTO,1,$1.87,($187.00),N,$0.10
11/13/2019,11/13/2019,11/13/2019,Margin,,ACH Deposit,ACH,--,,$20.00,N,$187.10
11/13/2019,11/13/2019,11/14/2019,Margin,BYND,BYND 2019-11-15 Call $78.00,STC,-1,$1.60,$159.98,N,$167.10
11/12/2019,11/12/2019,11/13/2019,Margin,BYND,BYND 2019-11-15 Call $78.00,BTO,1,$1.60,($160.00),N,$7.12
11/12/2019,11/12/2019,11/13/2019,Margin,NFLX,NFLX 2019-11-15 Call $297.50,STC,-1,$1.41,$140.98,N,$167.12
11/12/2019,11/12/2019,11/13/2019,Margin,NFLX,NFLX 2019-11-15 Call $297.50,BTO,1,$2.08,($208.00),N,$26.14
11/12/2019,11/12/2019,11/13/2019,Margin,TDG,TDG 2019-11-15 Call $550.00,STC,-2,$1.11,$221.98,N,$234.14
11/08/2019,11/08/2019,11/11/2019,Margin,--,Option Expiration for LRCX 2019-11-08 call $280.00,OEXP,1S,,--,N,$12.16
11/08/2019,11/08/2019,11/08/2019,Margin,,ACH Withdrawal,ACH,--,,($450.00),N,$12.16
11/07/2019,11/07/2019,11/08/2019,Margin,LRCX,LRCX 2019-11-08 Call $280.00,BTO,1,$0.58,($58.00),N,$462.16
11/07/2019,11/07/2019,11/08/2019,Margin,TDG,TDG 2019-11-15 Call $550.00,BTO,2,$2.25,($450.00),N,$520.16
11/07/2019,11/07/2019,11/08/2019,Margin,TSLA,TSLA 2019-11-15 Call $327.50,STC,-1,$9.70,$969.96,N,$970.16
11/06/2019,11/06/2019,11/07/2019,Margin,TSLA,TSLA 2019-11-15 Call $327.50,BTO,1,$3.95,($395.00),N,$0.20
11/06/2019,11/06/2019,11/07/2019,Margin,SHOP,SHOP 2019-11-08 Put $290.00,STC,-1,$2.70,$269.98,N,$395.20
11/06/2019,11/06/2019,11/06/2019,Margin,,ACH Withdrawal,ACH,--,,($450.00),N,$125.22
11/05/2019,11/05/2019,11/06/2019,Margin,SHOP,SHOP 2019-11-08 Put $290.00,BTO,1,$3.70,($370.00),N,$575.22
11/05/2019,11/05/2019,11/06/2019,Margin,TSLA,TSLA 2019-11-08 Call $325.00,STC,-1,$2.51,$250.98,N,$945.22
11/05/2019,11/05/2019,11/06/2019,Margin,ISRG,ISRG 2019-11-08 Call $565.00,STC,-1,$6.80,$679.97,N,$694.24
11/05/2019,11/05/2019,11/05/2019,Margin,,ACH Withdrawal,ACH,--,,($750.00),N,$14.27
11/04/2019,11/04/2019,11/05/2019,Margin,ISRG,ISRG 2019-11-08 Call $565.00,BTO,1,$3.60,($360.00),N,$764.27
11/04/2019,11/04/2019,11/05/2019,Margin,TSLA,TSLA 2019-11-08 Call $325.00,BTO,1,$3.55,($355.00),N,"$1,124.27"
11/04/2019,11/04/2019,11/05/2019,Margin,AVGO,AVGO 2019-11-15 Call $300.00,STC,-1,$6.05,$604.97,N,"$1,479.27"
11/04/2019,11/04/2019,11/05/2019,Margin,AVGO,AVGO 2019-11-15 Call $300.00,STC,-1,$6.05,$604.97,N,$874.30
11/04/2019,11/04/2019,11/05/2019,Margin,TSLA,TSLA 2019-11-08 Call $320.00,STC,-1,$2.52,$251.98,N,$269.33
11/01/2019,11/01/2019,11/04/2019,Margin,TSLA,TSLA 2019-11-08 Call $320.00,BTO,1,$2.95,($295.00),N,$17.35
11/01/2019,11/01/2019,11/04/2019,Margin,AVGO,AVGO 2019-11-15 Call $300.00,BTO,2,$2.30,($460.00),N,$312.35
11/01/2019,11/01/2019,11/04/2019,Margin,GOOGL,"GOOGL 2019-11-08 Call $1,272.50",STC,-1,$7.70,$769.97,N,$772.35
10/31/2019,10/31/2019,11/01/2019,Margin,GOOGL,"GOOGL 2019-11-08 Call $1,272.50",BTO,1,$4.90,($490.00),N,$2.38
10/31/2019,10/31/2019,11/01/2019,Margin,GOOGL,"GOOGL 2019-11-08 Put $1,232.50",STC,-1,$4.20,$419.98,N,$492.38
10/31/2019,10/31/2019,11/01/2019,Margin,GOOGL,"GOOGL 2019-11-08 Put $1,232.50",BTO,1,$5.40,($540.00),N,$72.40
10/31/2019,10/31/2019,11/01/2019,Margin,AMZN,"AMZN 2019-11-01 Call $1,797.50",STC,-1,$1.90,$189.98,N,$612.40
10/31/2019,10/31/2019,11/01/2019,Margin,JD,JD 2019-11-01 Call $32.00,STC,-20,$0.14,$279.95,N,$422.42
10/30/2019,10/30/2019,10/31/2019,Margin,AMZN,"AMZN 2019-11-01 Call $1,797.50",BTO,1,$3.96,($396.00),N,$142.47
10/30/2019,10/30/2019,10/31/2019,Margin,JD,JD 2019-11-01 Call $32.00,BTO,20,$0.24,($480.00),N,$538.47
10/30/2019,10/30/2019,10/31/2019,Margin,AMZN,"AMZN 2019-11-01 Call $1,790.00",STC,-1,$7.00,$699.97,N,"$1,018.47"
10/30/2019,10/30/2019,10/31/2019,Margin,AMZN,"AMZN 2019-11-01 Call $1,790.00",BTO,1,$4.89,($489.00),N,$318.50
10/30/2019,10/30/2019,10/31/2019,Margin,GOOGL,"GOOGL 2019-11-01 Call $1,265.00",STC,-1,$8.00,$799.97,N,$807.50
10/30/2019,10/30/2019,10/31/2019,Margin,GOOGL,"GOOGL 2019-11-01 Call $1,265.00",BTO,1,$6.50,($650.00),N,$7.53
10/30/2019,10/30/2019,10/31/2019,Margin,JD,JD 2019-11-01 Call $32.50,STC,-20,$0.15,$299.95,N,$657.53
10/29/2019,10/29/2019,10/30/2019,Margin,JD,JD 2019-11-01 Call $32.50,BTO,1,$0.18,($18.00),N,$357.58
10/29/2019,10/29/2019,10/30/2019,Margin,JD,JD 2019-11-01 Call $32.50,BTO,1,$0.18,($18.00),N,$375.58
10/29/2019,10/29/2019,10/30/2019,Margin,JD,JD 2019-11-01 Call $32.50,BTO,4,$0.18,($72.00),N,$393.58
10/29/2019,10/29/2019,10/30/2019,Margin,JD,JD 2019-11-01 Call $32.50,BTO,4,$0.18,($72.00),N,$465.58
10/29/2019,10/29/2019,10/30/2019,Margin,JD,JD 2019-11-01 Call $32.50,BTO,6,$0.18,($108.00),N,$537.58
10/29/2019,10/29/2019,10/30/2019,Margin,JD,JD 2019-11-01 Call $32.50,BTO,1,$0.18,($18.00),N,$645.58
10/29/2019,10/29/2019,10/30/2019,Margin,JD,JD 2019-11-01 Call $32.50,BTO,1,$0.18,($18.00),N,$663.58
10/29/2019,10/29/2019,10/30/2019,Margin,JD,JD 2019-11-01 Call $32.50,BTO,1,$0.18,($18.00),N,$681.58
10/29/2019,10/29/2019,10/30/2019,Margin,JD,JD 2019-11-01 Call $32.50,BTO,1,$0.18,($18.00),N,$699.58
10/29/2019,10/29/2019,10/30/2019,Margin,REGN,REGN 2019-11-01 Call $310.00,STC,-1,$5.20,$519.97,N,$717.58
10/29/2019,10/29/2019,10/29/2019,Margin,,ACH Withdrawal,ACH,--,,"($1,000.00)",N,$197.61
10/28/2019,10/28/2019,10/29/2019,Margin,REGN,REGN 2019-11-01 Call $310.00,BTO,1,$3.50,($350.00),N,"$1,197.61"
10/28/2019,10/28/2019,10/29/2019,Margin,MSFT,MSFT 2019-11-08 Call $142.00,STC,-4,$3.85,"$1,539.95",N,"$1,547.61"
10/25/2019,10/25/2019,10/28/2019,Margin,--,Option Expiration for BA 2019-10-25 call $370.00,OEXP,1S,,--,N,$7.66
10/25/2019,10/25/2019,10/28/2019,Margin,MSFT,MSFT 2019-11-08 Call $142.00,BTO,1,$1.05,($105.00),N,$7.66
10/25/2019,10/25/2019,10/28/2019,Margin,DOW,DOW 2019-10-25 Call $50.00,STC,-4,$0.28,$111.98,N,$112.66
10/24/2019,10/24/2019,10/25/2019,Margin,DOW,DOW 2019-10-25 Call $50.00,BTO,2,$0.15,($30.00),N,$0.68
10/24/2019,10/24/2019,10/25/2019,Margin,DOW,DOW 2019-10-25 Call $50.00,BTO,2,$0.15,($30.00),N,$30.68
10/24/2019,10/24/2019,10/25/2019,Margin,MSFT,MSFT 2019-11-08 Call $142.00,BTO,3,$1.20,($360.00),N,$60.68
10/24/2019,10/24/2019,10/25/2019,Margin,BAC,BAC 2019-10-25 Call $31.50,STC,-9,$0.12,$107.97,N,$420.68
10/24/2019,10/24/2019,10/25/2019,Margin,BAC,BAC 2019-10-25 Call $31.50,STC,-1,$0.12,$11.98,N,$312.71
10/24/2019,10/24/2019,10/24/2019,Margin,,ACH Withdrawal,ACH,--,,($545.00),N,$300.73
10/23/2019,10/23/2019,10/24/2019,Margin,BAC,BAC 2019-10-25 Call $31.50,BTO,10,$0.14,($140.00),N,$845.73
10/23/2019,10/23/2019,10/24/2019,Margin,GOOGL,"GOOGL 2019-10-25 Call $1,265.00",STC,-1,$3.00,$299.98,N,$985.73
10/23/2019,10/23/2019,10/24/2019,Margin,GOOGL,"GOOGL 2019-10-25 Call $1,265.00",BTO,1,$1.95,($195.00),N,$685.75
10/23/2019,10/23/2019,10/24/2019,Margin,BA,BA 2019-11-01 Call $365.00,STC,-1,$1.42,$141.98,N,$880.75
10/23/2019,10/23/2019,10/24/2019,Margin,BAC,BAC 2019-10-25 Call $31.50,STC,-1,$0.11,$10.98,N,$738.77
10/23/2019,10/23/2019,10/24/2019,Margin,BAC,BAC 2019-10-25 Call $31.50,STC,-1,$0.11,$10.98,N,$727.79
10/23/2019,10/23/2019,10/24/2019,Margin,BAC,BAC 2019-10-25 Call $31.50,STC,-2,$0.11,$21.98,N,$716.81
10/23/2019,10/23/2019,10/24/2019,Margin,BAC,BAC 2019-10-25 Call $31.50,STC,-1,$0.11,$10.98,N,$694.83
10/23/2019,10/23/2019,10/24/2019,Margin,BAC,BAC 2019-10-25 Call $31.50,STC,-1,$0.11,$10.98,N,$683.85
10/23/2019,10/23/2019,10/24/2019,Margin,GOOGL,"GOOGL 2019-10-25 Call $1,260.00",STC,-1,$5.30,$529.97,N,$672.87
10/23/2019,10/23/2019,10/23/2019,Margin,,ACH Withdrawal,ACH,--,,($700.00),N,$142.90
10/22/2019,10/22/2019,10/23/2019,Margin,GOOGL,"GOOGL 2019-10-25 Call $1,260.00",BTO,1,$2.65,($265.00),N,$842.90
10/22/2019,10/22/2019,10/23/2019,Margin,CELG,CELG 2019-11-01 Call $105.00,STC,-5,$1.40,$699.97,N,"$1,107.90"
10/22/2019,10/22/2019,10/23/2019,Margin,BAC,BAC 2019-10-25 Call $31.50,BTO,1,$0.16,($16.00),N,$407.93
10/22/2019,10/22/2019,10/23/2019,Margin,BAC,BAC 2019-10-25 Call $31.50,BTO,5,$0.16,($80.00),N,$423.93
10/22/2019,10/22/2019,10/23/2019,Margin,BAC,BAC 2019-11-01 Call $31.00,STC,-8,$0.40,$319.97,N,$503.93
10/21/2019,10/21/2019,10/21/2019,Margin,,ACH Withdrawal,ACH,--,,($600.00),N,$183.96
10/21/2019,10/21/2019,10/22/2019,Margin,BA,BA 2019-10-25 Call $370.00,BTO,1,$0.29,($29.00),N,$783.96
10/21/2019,10/21/2019,10/22/2019,Margin,BA,BA 2019-11-01 Call $365.00,BTO,1,$1.10,($110.00),N,$812.96
10/18/2019,10/18/2019,10/21/2019,Margin,--,"Option Expiration for GOOGL 2019-10-18 call $1,265.00",OEXP,1S,,--,N,$922.96
10/18/2019,10/18/2019,10/21/2019,Margin,BAC,BAC 2019-11-01 Call $31.00,BTO,1,$0.28,($28.00),N,$922.96
10/18/2019,10/18/2019,10/21/2019,Margin,BAC,BAC 2019-11-01 Call $31.00,BTO,4,$0.28,($112.00),N,$950.96
10/18/2019,10/18/2019,10/21/2019,Margin,BAC,BAC 2019-11-01 Call $31.00,BTO,3,$0.28,($84.00),N,"$1,062.96"
10/18/2019,10/18/2019,10/21/2019,Margin,CELG,CELG 2019-11-01 Call $105.00,BTO,4,$0.40,($160.00),N,"$1,146.96"
10/18/2019,10/18/2019,10/21/2019,Margin,CELG,CELG 2019-11-01 Call $105.00,BTO,1,$0.40,($40.00),N,"$1,306.96"
10/18/2019,10/18/2019,10/21/2019,Margin,CELG,CELG 2019-10-18 Call $102.00,STC,-2,$0.50,$99.98,N,"$1,346.96"
10/18/2019,10/18/2019,10/21/2019,Margin,CELG,CELG 2019-10-18 Call $102.00,STC,-8,$0.50,$399.97,N,"$1,246.98"
10/18/2019,10/18/2019,10/21/2019,Margin,CELG,CELG 2019-10-18 Call $102.00,STC,-4,$0.60,$239.98,N,$847.01
10/17/2019,10/17/2019,10/18/2019,Margin,GOOGL,"GOOGL 2019-10-18 Call $1,265.00",BTO,1,$1.20,($120.00),N,$607.03
10/17/2019,10/17/2019,10/18/2019,Margin,GOOGL,"GOOGL 2019-10-18 Call $1,260.00",STC,-1,$7.20,$719.97,N,$727.03
10/16/2019,10/16/2019,10/17/2019,Margin,GOOGL,"GOOGL 2019-10-18 Call $1,260.00",BTO,1,$1.63,($163.00),N,$7.06
10/16/2019,10/16/2019,10/16/2019,Margin,,ACH Deposit,ACH,--,,$20.00,N,$170.06
10/16/2019,10/16/2019,10/16/2019,Margin,,ACH Deposit,ACH,--,,$120.00,N,$150.06
10/15/2019,10/15/2019,10/15/2019,Margin,,ACH Deposit,ACH,--,,$30.00,N,$30.06
10/11/2019,10/11/2019,10/14/2019,Margin,--,Option Expiration for CELG 2019-10-11 call $101.00,OEXP,20S,,--,N,$0.06
10/10/2019,10/10/2019,10/11/2019,Margin,CELG,CELG 2019-10-11 Call $101.00,BTO,7,$0.01,($7.00),N,$0.06
10/10/2019,10/10/2019,10/11/2019,Margin,CELG,CELG 2019-10-11 Call $101.00,BTO,3,$0.01,($3.00),N,$7.06
10/10/2019,10/10/2019,10/11/2019,Margin,CELG,CELG 2019-10-11 Call $101.00,BTO,10,$0.01,($10.00),N,$10.06
10/10/2019,10/10/2019,10/10/2019,Margin,,ACH Deposit,ACH,--,,$15.00,N,$20.06
10/08/2019,10/08/2019,10/09/2019,Margin,CELG,CELG 2019-10-18 Call $102.00,BTO,5,$0.20,($100.00),N,$5.06
10/08/2019,10/08/2019,10/09/2019,Margin,CELG,CELG 2019-10-18 Call $102.00,BTO,1,$0.20,($20.00),N,$105.06
10/08/2019,10/08/2019,10/08/2019,Margin,,ACH Deposit,ACH,--,,$100.00,N,$125.06
10/04/2019,10/04/2019,10/07/2019,Margin,--,Option Expiration for CELG 2019-10-04 call $101.00,OEXP,8S,,--,N,$25.06
10/04/2019,10/04/2019,10/07/2019,Margin,--,Option Expiration for CELG 2019-10-04 call $102.00,OEXP,3S,,--,N,$25.06
10/04/2019,10/04/2019,10/07/2019,Margin,CELG,CELG 2019-10-18 Call $102.00,BTO,7,$0.15,($105.00),N,$25.06
10/04/2019,10/04/2019,10/04/2019,Margin,,ACH Deposit,ACH,--,,$105.00,N,$130.06
10/04/2019,10/04/2019,10/07/2019,Margin,CELG,CELG 2019-10-18 Call $102.00,BTO,1,$0.15,($15.00),N,$25.06
10/04/2019,10/04/2019,10/04/2019,Margin,,ACH Deposit,ACH,--,,$25.00,N,$40.06
09/30/2019,09/30/2019,10/01/2019,Margin,CELG,CELG 2019-10-04 Call $101.00,BTO,8,$0.20,($160.00),N,$15.06
09/30/2019,09/30/2019,10/01/2019,Margin,MSFT,MSFT 2019-10-18 Call $141.00,STC,-1,$1.67,$166.98,N,$175.06
09/27/2019,09/27/2019,09/30/2019,Margin,--,Option Expiration for CELG 2019-09-27 call $102.00,OEXP,3S,,--,N,$8.08
09/27/2019,09/27/2019,09/30/2019,Margin,--,"Option Expiration for GOOGL 2019-09-27 call $1,250.00",OEXP,1S,,--,N,$8.08
09/27/2019,09/27/2019,09/30/2019,Margin,MSFT,MSFT 2019-10-18 Call $141.00,BTO,1,$1.56,($156.00),N,$8.08
09/27/2019,09/27/2019,09/27/2019,Margin,,ACH Deposit,ACH,--,,$160.00,N,$164.08
09/26/2019,09/26/2019,09/27/2019,Margin,GOOGL,"GOOGL 2019-09-27 Call $1,250.00",BTO,1,$1.00,($100.00),N,$4.08
09/26/2019,09/26/2019,09/27/2019,Margin,GOOGL,"GOOGL 2019-09-27 Call $1,255.00",STC,-1,$0.44,$43.98,N,$104.08
09/26/2019,09/26/2019,09/27/2019,Margin,GOOGL,"GOOGL 2019-09-27 Call $1,255.00",BTO,1,$0.80,($80.00),N,$60.10
09/26/2019,09/26/2019,09/27/2019,Margin,AMD,AMD 2019-10-04 Put $29.00,STC,-2,$0.60,$119.98,N,$140.10
09/24/2019,09/24/2019,09/25/2019,Margin,AMD,AMD 2019-10-04 Put $29.00,BTO,2,$0.73,($146.00),N,$20.12
09/24/2019,09/24/2019,09/24/2019,Margin,,ACH Deposit,ACH,--,,$120.00,N,$166.12
09/20/2019,09/20/2019,09/23/2019,Margin,CELG,CELG 2019-10-04 Call $102.00,BTO,3,$0.16,($48.00),N,$46.12
09/20/2019,09/20/2019,09/23/2019,Margin,LULU,LULU 2019-09-20 Put $192.50,STC,-1,$0.33,$32.98,N,$94.12
09/19/2019,09/19/2019,09/20/2019,Margin,LULU,LULU 2019-09-20 Put $192.50,BTO,1,$0.68,($68.00),N,$61.14
09/19/2019,09/19/2019,09/20/2019,Margin,JD,JD 2019-10-04 Call $33.00,STC,-7,$0.18,$125.98,N,$129.14
09/19/2019,09/19/2019,09/20/2019,Margin,JD,JD 2019-10-04 Call $33.00,BTO,7,$0.37,($259.00),N,$3.16
09/19/2019,09/19/2019,09/20/2019,Margin,BA,BA 2019-09-27 Call $395.00,STC,-1,$2.16,$215.98,N,$262.16
09/18/2019,09/18/2019,09/19/2019,Margin,BA,BA 2019-09-27 Call $395.00,BTO,1,$2.32,($232.00),N,$46.18
09/18/2019,09/18/2019,09/19/2019,Margin,JD,JD 2019-10-04 Call $33.00,STC,-4,$0.18,$71.98,N,$278.18
09/18/2019,09/18/2019,09/19/2019,Margin,JD,JD 2019-10-04 Call $33.00,STC,-4,$0.18,$71.98,N,$206.20
09/18/2019,09/18/2019,09/19/2019,Margin,BA,BA 2019-09-20 Call $390.00,STC,-1,$1.12,$111.98,N,$134.22
09/16/2019,09/16/2019,09/17/2019,Margin,BA,BA 2019-09-20 Call $390.00,BTO,1,$1.02,($102.00),N,$22.24
09/13/2019,09/13/2019,09/16/2019,Margin,CELG,CELG 2019-09-27 Call $102.00,BTO,3,$0.24,($72.00),N,$124.24
09/13/2019,09/13/2019,09/16/2019,Margin,NFLX,NFLX 2019-09-13 Call $295.00,STC,-1,$1.96,$195.98,N,$196.24
09/12/2019,09/12/2019,09/13/2019,Margin,NFLX,NFLX 2019-09-13 Call $295.00,BTO,1,$0.53,($53.00),N,$0.26
09/12/2019,09/12/2019,09/12/2019,Margin,,ACH Deposit,ACH,--,,$50.00,N,$53.26
09/10/2019,09/10/2019,09/11/2019,Margin,JD,JD 2019-10-04 Call $33.00,BTO,3,$0.33,($99.00),N,$3.26
09/10/2019,09/10/2019,09/10/2019,Margin,,ACH Deposit,ACH,--,,$102.00,N,$102.26
09/09/2019,09/09/2019,09/10/2019,Margin,JD,JD 2019-10-04 Call $33.00,BTO,5,$0.47,($235.00),N,$0.26
09/09/2019,09/09/2019,09/10/2019,Margin,BA,BA 2019-09-20 Call $380.00,STC,-1,$0.60,$59.98,N,$235.26
09/06/2019,09/06/2019,09/09/2019,Margin,--,"Option Expiration for BKNG 2019-09-06 call $2,050.00",OEXP,1S,,--,N,$175.28
09/06/2019,09/06/2019,09/09/2019,Margin,--,"Option Expiration for GOOGL 2019-09-06 call $1,222.50",OEXP,1S,,--,N,$175.28
09/06/2019,09/06/2019,09/06/2019,Margin,,ACH Withdrawal,ACH,--,,($567.00),N,$175.28
09/05/2019,09/05/2019,09/06/2019,Margin,GOOGL,"GOOGL 2019-09-06 Call $1,222.50",BTO,1,$1.15,($115.00),N,$742.28
09/05/2019,09/05/2019,09/06/2019,Margin,BA,BA 2019-09-20 Call $380.00,BTO,1,$1.90,($190.00),N,$857.28
09/05/2019,09/05/2019,09/06/2019,Margin,AMZN,"AMZN 2019-09-06 Call $1,840.00",STC,-1,$6.15,$614.97,N,"$1,047.28"
09/05/2019,09/05/2019,09/06/2019,Margin,BKNG,"BKNG 2019-09-06 Call $2,010.00",STC,-1,$4.30,$429.98,N,$432.31
09/04/2019,09/04/2019,09/05/2019,Margin,BKNG,"BKNG 2019-09-06 Call $2,010.00",BTO,1,$0.55,($55.00),N,$2.33
09/04/2019,09/04/2019,09/04/2019,Margin,,ACH Deposit,ACH,--,,$25.00,N,$57.33
09/04/2019,09/04/2019,09/05/2019,Margin,AMZN,"AMZN 2019-09-06 Call $1,840.00",BTO,1,$1.56,($156.00),N,$32.33
09/03/2019,09/03/2019,09/04/2019,Margin,TWTR,TWTR 2019-09-27 Call $44.00,STC,-2,$0.87,$173.98,N,$188.33
08/30/2019,08/30/2019,09/03/2019,Margin,--,Option Expiration for TWTR 2019-08-30 call $43.00,OEXP,2S,,--,N,$14.35
08/29/2019,08/29/2019,08/30/2019,Margin,TWTR,TWTR 2019-08-30 Call $43.00,BTO,2,$0.19,($38.00),N,$14.35
08/29/2019,08/29/2019,08/29/2019,Margin,,ACH Deposit,ACH,--,,$50.00,N,$52.35
08/29/2019,08/29/2019,08/30/2019,Margin,BKNG,"BKNG 2019-09-06 Call $2,050.00",BTO,1,$1.00,($100.00),N,$2.35
08/29/2019,08/29/2019,08/29/2019,Margin,,ACH Deposit,ACH,--,,$100.00,N,$102.35
08/28/2019,08/28/2019,08/29/2019,Margin,TWTR,TWTR 2019-09-27 Call $44.00,BTO,2,$0.99,($198.00),N,$2.35
08/28/2019,08/28/2019,08/28/2019,Margin,,ACH Deposit,ACH,--,,$5.00,N,$200.35
08/28/2019,08/28/2019,08/29/2019,Margin,REGN,REGN 2019-09-06 Put $272.50,STC,-1,$1.95,$194.98,N,$195.35
08/23/2019,08/23/2019,08/26/2019,Margin,REGN,REGN 2019-09-06 Put $272.50,BTO,1,$1.90,($190.00),N,$0.37
08/23/2019,08/23/2019,08/23/2019,Margin,,ACH Deposit,ACH,--,,$2.00,N,$190.37
08/23/2019,08/23/2019,08/26/2019,Margin,BKNG,"BKNG 2019-09-06 Call $2,050.00",STC,-1,$1.40,$139.98,N,$188.37
08/23/2019,08/23/2019,08/26/2019,Margin,SBUX,SBUX 2019-08-30 Call $97.50,STC,-1,$0.42,$41.98,N,$48.39
08/22/2019,08/22/2019,08/23/2019,Margin,SBUX,SBUX 2019-08-30 Call $97.50,BTO,1,$0.70,($70.00),N,$6.41
08/22/2019,08/22/2019,08/23/2019,Margin,BKNG,"BKNG 2019-09-06 Call $2,050.00",BTO,1,$3.10,($310.00),N,$76.41
08/22/2019,08/22/2019,08/23/2019,Margin,REGN,REGN 2019-09-06 Put $280.00,STC,-1,$2.30,$229.98,N,$386.41
08/22/2019,08/22/2019,08/23/2019,Margin,REGN,REGN 2019-09-06 Put $280.00,BTO,1,$2.95,($295.00),N,$156.43
08/22/2019,08/22/2019,08/23/2019,Margin,BKNG,"BKNG 2019-09-06 Call $2,060.00",STC,-1,$2.10,$209.98,N,$451.43
08/22/2019,08/22/2019,08/23/2019,Margin,SBUX,SBUX 2019-09-06 Call $97.00,STC,-2,$0.98,$195.98,N,$241.45
08/22/2019,08/22/2019,08/23/2019,Margin,SBUX,SBUX 2019-09-06 Call $97.00,BTO,2,$1.34,($268.00),N,$45.47
08/21/2019,08/21/2019,08/22/2019,Margin,BKNG,"BKNG 2019-09-06 Call $2,060.00",BTO,1,$2.70,($270.00),N,$313.47
08/21/2019,08/21/2019,08/22/2019,Margin,REGN,REGN 2019-08-30 Call $310.00,STC,-1,$1.05,$104.98,N,$583.47
08/20/2019,08/20/2019,08/21/2019,Margin,REGN,REGN 2019-08-30 Call $310.00,BTO,1,$2.24,($224.00),N,$478.49
08/20/2019,08/20/2019,08/21/2019,Margin,TWTR,TWTR 2019-09-06 Call $42.00,STC,-4,$1.73,$691.97,N,$702.49
08/16/2019,08/16/2019,08/19/2019,Margin,TWTR,TWTR 2019-09-06 Call $42.00,BTO,4,$0.77,($308.00),N,$10.52
08/16/2019,08/16/2019,08/19/2019,Margin,BA,BA 2019-08-23 Call $335.00,STC,-1,$2.22,$221.98,N,$318.52
08/15/2019,08/15/2019,08/16/2019,Margin,BA,BA 2019-08-23 Call $335.00,BTO,1,$2.58,($258.00),N,$96.54
08/15/2019,08/15/2019,08/16/2019,Margin,BA,BA 2019-09-06 Put $305.00,STC,-1,$2.62,$261.98,N,$354.54
08/15/2019,08/15/2019,08/16/2019,Margin,BA,BA 2019-09-06 Put $305.00,BTO,1,$3.90,($390.00),N,$92.56
08/15/2019,08/15/2019,08/16/2019,Margin,TWTR,TWTR 2019-09-06 Call $42.00,STC,-5,$0.90,$449.98,N,$482.56
08/15/2019,08/15/2019,08/16/2019,Margin,TWTR,TWTR 2019-09-06 Call $42.00,BTO,5,$1.10,($550.00),N,$32.58
08/15/2019,08/15/2019,08/16/2019,Margin,TSLA,TSLA 2019-08-23 Put $210.00,STC,-1,$5.50,$549.97,N,$582.58
08/14/2019,08/14/2019,08/15/2019,Margin,TSLA,TSLA 2019-08-23 Put $210.00,BTO,1,$3.24,($324.00),N,$32.61
08/14/2019,08/14/2019,08/15/2019,Margin,TSLA,TSLA 2019-08-16 Put $220.00,STC,-1,$3.30,$329.98,N,$356.61
08/14/2019,08/14/2019,08/15/2019,Margin,TSLA,TSLA 2019-08-16 Put $220.00,BTO,1,$1.03,($103.00),N,$26.63
08/14/2019,08/14/2019,08/15/2019,Margin,TSLA,TSLA 2019-08-16 Call $245.00,STC,-1,$0.15,$14.98,N,$129.63
08/14/2019,08/14/2019,08/15/2019,Margin,TSLA,TSLA 2019-08-23 Call $247.50,STC,-1,$1.00,$99.98,N,$114.65
08/13/2019,08/13/2019,08/14/2019,Margin,TSLA,TSLA 2019-08-16 Call $245.00,BTO,1,$0.53,($53.00),N,$14.67
08/13/2019,08/13/2019,08/13/2019,Margin,,ACH Deposit,ACH,--,,$50.00,N,$67.67
08/13/2019,08/13/2019,08/14/2019,Margin,TSLA,TSLA 2019-08-23 Call $247.50,BTO,1,$1.55,($155.00),N,$17.67
08/13/2019,08/13/2019,08/14/2019,Margin,BA,BA 2019-08-23 Put $310.00,STC,-1,$0.75,$74.98,N,$172.67
08/13/2019,08/13/2019,08/14/2019,Margin,TSLA,TSLA 2019-08-23 Put $210.00,STC,-1,$0.88,$87.98,N,$97.69
08/09/2019,08/09/2019,08/12/2019,Margin,BA,BA 2019-08-23 Put $310.00,BTO,1,$1.24,($124.00),N,$9.71
08/09/2019,08/09/2019,08/09/2019,Margin,,ACH Deposit,ACH,--,,$130.00,N,$133.71
08/09/2019,08/09/2019,08/12/2019,Margin,TSLA,TSLA 2019-08-23 Put $210.00,BTO,1,$1.49,($149.00),N,$3.71
08/09/2019,08/09/2019,08/09/2019,Margin,,ACH Deposit,ACH,--,,$50.00,N,$152.71
08/09/2019,08/09/2019,08/12/2019,Margin,TSLA,TSLA 2019-08-16 Call $250.00,STC,-1,$0.78,$77.98,N,$102.71
08/09/2019,08/09/2019,08/12/2019,Margin,TLRY,TLRY 2019-08-09 Call $44.50,STC,-1,$0.15,$14.98,N,$24.73
08/08/2019,08/08/2019,08/09/2019,Margin,TLRY,TLRY 2019-08-09 Call $44.50,BTO,1,$0.55,($55.00),N,$9.75
08/08/2019,08/08/2019,08/09/2019,Margin,TSLA,TSLA 2019-08-16 Put $205.00,STC,-1,$0.49,$48.98,N,$64.75
08/07/2019,08/07/2019,08/08/2019,Margin,TSLA,TSLA 2019-08-16 Call $250.00,BTO,1,$1.03,($103.00),N,$15.77
08/07/2019,08/07/2019,08/08/2019,Margin,TSLA,TSLA 2019-08-16 Put $207.50,STC,-1,$0.96,$95.98,N,$118.77
08/07/2019,08/07/2019,08/08/2019,Margin,TSLA,TSLA 2019-08-16 Put $207.50,BTO,1,$1.88,($188.00),N,$22.79
08/07/2019,08/07/2019,08/08/2019,Margin,TLRY,TLRY 2019-08-23 Call $43.00,STC,-1,$2.10,$209.98,N,$210.79
08/07/2019,08/07/2019,08/08/2019,Margin,TSLA,TSLA 2019-08-16 Put $205.00,BTO,1,$1.59,($159.00),N,$0.81
08/07/2019,08/07/2019,08/08/2019,Margin,TSLA,TSLA 2019-08-09 Call $235.00,STC,-1,$1.05,$104.98,N,$159.81
08/06/2019,08/06/2019,08/07/2019,Margin,TSLA,TSLA 2019-08-09 Call $235.00,BTO,1,$1.94,($194.00),N,$54.83
08/06/2019,08/06/2019,08/07/2019,Margin,AMZN,"AMZN 2019-08-09 Call $1,850.00",STC,-1,$2.45,$244.98,N,$248.83
08/06/2019,08/06/2019,08/07/2019,Margin,AMZN,"AMZN 2019-08-09 Call $1,850.00",BTO,1,$0.99,($99.00),N,$3.85
08/06/2019,08/06/2019,08/06/2019,Margin,,ACH Deposit,ACH,--,,$50.00,N,$102.85
08/05/2019,08/05/2019,08/06/2019,Margin,BA,BA 2019-08-09 Put $300.00,STC,-1,$0.48,$47.98,N,$52.85
08/05/2019,08/05/2019,08/06/2019,Margin,BA,BA 2019-08-09 Put $300.00,BTO,1,$0.62,($62.00),N,$4.87
08/02/2019,08/02/2019,08/05/2019,Margin,--,Option Expiration for SHOP 2019-08-02 put $267.50,OEXP,1S,,--,N,$66.87
08/02/2019,08/02/2019,08/05/2019,Margin,--,Option Expiration for JPM 2019-08-02 call $118.00,OEXP,2S,,--,N,$66.87
08/02/2019,08/02/2019,08/05/2019,Margin,TLRY,TLRY 2019-08-23 Call $43.00,BTO,1,$2.14,($214.00),N,$66.87
08/02/2019,08/02/2019,08/05/2019,Margin,JPM,JPM 2019-08-09 Put $111.00,STC,-1,$1.20,$119.98,N,$280.87
08/02/2019,08/02/2019,08/05/2019,Margin,JPM,JPM 2019-08-30 Put $109.00,STC,-1,$1.54,$153.98,N,$160.89
08/01/2019,08/01/2019,08/02/2019,Margin,JPM,JPM 2019-08-09 Put $111.00,BTO,1,$0.70,($70.00),N,$6.91
08/01/2019,08/01/2019,08/02/2019,Margin,JPM,JPM 2019-08-30 Call $120.00,STC,-2,$0.37,$73.98,N,$76.91
07/31/2019,07/31/2019,08/01/2019,Margin,SHOP,SHOP 2019-08-02 Put $267.50,BTO,1,$0.45,($45.00),N,$2.93
07/26/2019,07/26/2019,07/29/2019,Margin,CRON,CRON 2019-08-09 Call $15.50,STC,-1,$0.46,$45.98,N,$47.93
07/25/2019,07/25/2019,07/26/2019,Margin,CRON,CRON 2019-08-09 Call $15.50,BTO,1,$0.72,($72.00),N,$1.95
07/24/2019,07/24/2019,07/25/2019,Margin,BA,BA 2019-08-09 Call $390.00,STC,-1,$0.68,$67.98,N,$73.95
07/24/2019,07/24/2019,07/25/2019,Margin,BA,BA 2019-08-09 Call $390.00,BTO,1,$1.05,($105.00),N,$5.97
07/24/2019,07/24/2019,07/24/2019,Margin,,ACH Deposit,ACH,--,,$100.00,N,$110.97
07/23/2019,07/23/2019,07/24/2019,Margin,JPM,JPM 2019-08-30 Put $109.00,BTO,1,$0.57,($57.00),N,$10.97
07/23/2019,07/23/2019,07/24/2019,Margin,JPM,JPM 2019-08-30 Call $120.00,BTO,2,$0.72,($144.00),N,$67.97
07/23/2019,07/23/2019,07/23/2019,Margin,,ACH Deposit,ACH,--,,$200.00,N,$211.97
07/23/2019,07/23/2019,07/24/2019,Margin,JPM,JPM 2019-08-02 Call $118.00,BTO,2,$0.47,($94.00),N,$11.97
07/23/2019,07/23/2019,07/24/2019,Margin,DIS,DIS 2019-08-02 Put $140.00,STC,-1,$0.90,$89.98,N,$105.97
07/19/2019,07/19/2019,07/22/2019,Margin,DIS,DIS 2019-08-02 Put $140.00,BTO,1,$1.45,($145.00),N,$15.99
07/19/2019,07/19/2019,07/22/2019,Margin,CRON,CRON 2019-08-02 Call $16.00,STC,-8,$0.19,$151.97,N,$160.99
07/19/2019,07/19/2019,07/22/2019,Margin,CRON,CRON 2019-08-02 Call $16.00,BTO,3,$0.26,($78.00),N,$9.02
07/19/2019,07/19/2019,07/22/2019,Margin,CRON,CRON 2019-08-02 Call $16.00,BTO,1,$0.26,($26.00),N,$87.02
07/19/2019,07/19/2019,07/22/2019,Margin,CRON,CRON 2019-08-02 Call $16.00,BTO,1,$0.26,($26.00),N,$113.02
07/19/2019,07/19/2019,07/22/2019,Margin,CRON,CRON 2019-08-02 Call $16.00,BTO,1,$0.26,($26.00),N,$139.02
07/19/2019,07/19/2019,07/22/2019,Margin,CRON,CRON 2019-08-02 Call $16.00,BTO,1,$0.26,($26.00),N,$165.02
07/19/2019,07/19/2019,07/22/2019,Margin,CRON,CRON 2019-08-02 Call $16.00,BTO,1,$0.26,($26.00),N,$191.02
07/19/2019,07/19/2019,07/22/2019,Margin,BYND,BYND 2019-07-19 Call $172.50,STC,-1,$1.30,$129.98,N,$217.02
07/19/2019,07/19/2019,07/22/2019,Margin,BA,BA 2019-07-19 Call $375.00,STC,-1,$0.75,$74.98,N,$87.04
07/18/2019,07/18/2019,07/19/2019,Margin,BYND,BYND 2019-07-19 Call $172.50,BTO,1,$1.17,($117.00),N,$12.06
07/18/2019,07/18/2019,07/19/2019,Margin,BA,BA 2019-08-02 Call $390.00,STC,-1,$1.26,$125.98,N,$129.06
07/17/2019,07/17/2019,07/18/2019,Margin,BA,BA 2019-07-19 Call $375.00,BTO,1,$0.38,($38.00),N,$3.08
07/17/2019,07/17/2019,07/18/2019,Margin,JPM,JPM 2019-07-26 Call $116.00,STC,-1,$0.36,$35.98,N,$41.08
07/17/2019,07/17/2019,07/18/2019,Margin,BA,BA 2019-08-02 Call $390.00,BTO,1,$1.32,($132.00),N,$5.10
07/17/2019,07/17/2019,07/17/2019,Margin,,ACH Deposit,ACH,--,,$135.00,N,$137.10
07/15/2019,07/15/2019,07/16/2019,Margin,JPM,JPM 2019-07-26 Call $116.00,BTO,1,$0.80,($80.00),N,$2.10
07/15/2019,07/15/2019,07/15/2019,Margin,,ACH Deposit,ACH,--,,$80.00,N,$82.10
07/12/2019,07/12/2019,07/15/2019,Margin,--,Option Expiration for NFLX 2019-07-12 put $367.50,OEXP,1S,,--,N,$2.10
07/12/2019,07/12/2019,07/15/2019,Margin,--,Option Expiration for NFLX 2019-07-12 call $390.00,OEXP,1S,,--,N,$2.10
07/10/2019,07/10/2019,07/11/2019,Margin,NFLX,NFLX 2019-07-12 Put $367.50,BTO,1,$0.60,($60.00),N,$2.10
07/10/2019,07/10/2019,07/10/2019,Margin,,ACH Deposit,ACH,--,,$60.00,N,$62.10
07/05/2019,07/05/2019,07/08/2019,Margin,--,Option Expiration for CELG 2019-07-05 call $100.00,OEXP,4S,,--,N,$2.10
07/03/2019,07/03/2019,07/05/2019,Margin,NFLX,NFLX 2019-07-12 Call $390.00,BTO,1,$1.50,($150.00),N,$2.10
07/03/2019,07/03/2019,07/03/2019,Margin,,ACH Deposit,ACH,--,,$150.00,N,$152.10
06/28/2019,06/28/2019,07/01/2019,Margin,--,Option Expiration for ABBV 2019-06-28 call $80.00,OEXP,1S,,--,N,$2.10
06/13/2019,06/13/2019,06/14/2019,Margin,CELG,CELG 2019-07-05 Call $100.00,BTO,3,$0.25,($75.00),N,$2.10
06/13/2019,06/13/2019,06/13/2019,Margin,,ACH Deposit,ACH,--,,$75.00,N,$77.10
06/13/2019,06/13/2019,06/14/2019,Margin,CELG,CELG 2019-07-05 Call $100.00,BTO,1,$0.25,($25.00),N,$2.10
06/11/2019,06/11/2019,06/12/2019,Margin,ABBV,ABBV 2019-06-28 Call $80.00,BTO,1,$0.99,($99.00),N,$27.10
06/11/2019,06/11/2019,06/12/2019,Margin,ABBV,ABBV 2019-06-28 Put $75.00,STC,-2,$0.55,$109.98,N,$126.10
06/10/2019,06/10/2019,06/11/2019,Margin,ABBV,ABBV 2019-06-28 Put $75.00,BTO,2,$0.87,($174.00),N,$16.12
06/10/2019,06/10/2019,06/10/2019,Margin,,ACH Deposit,ACH,--,,$185.00,N,$190.12
05/24/2019,05/24/2019,05/28/2019,Margin,--,Option Expiration for TSLA 2019-05-24 call $212.50,OEXP,1S,,--,N,$5.12
05/24/2019,05/24/2019,05/28/2019,Margin,--,Option Expiration for ABBV 2019-05-24 put $73.00,OEXP,1S,,--,N,$5.12
05/23/2019,05/23/2019,05/24/2019,Margin,TSLA,TSLA 2019-05-24 Call $212.50,BTO,1,$0.18,($18.00),N,$5.12
05/23/2019,05/23/2019,05/24/2019,Margin,GOOGL,"GOOGL 2019-05-24 Call $1,170.00",STC,-1,$0.20,$19.98,N,$23.12
05/23/2019,05/23/2019,05/24/2019,Margin,GOOGL,"GOOGL 2019-05-24 Call $1,170.00",BTO,1,$0.40,($40.00),N,$3.14
05/23/2019,05/23/2019,05/24/2019,Margin,CMG,CMG 2019-05-31 Call $740.00,STC,-1,$0.25,$24.98,N,$43.14
05/22/2019,05/22/2019,05/23/2019,Margin,CMG,CMG 2019-05-31 Call $740.00,BTO,1,$1.05,($105.00),N,$18.16
05/22/2019,05/22/2019,05/22/2019,Margin,,ACH Deposit,ACH,--,,$120.00,N,$123.16
05/09/2019,05/09/2019,05/10/2019,Margin,ABBV,ABBV 2019-05-24 Put $73.00,BTO,1,$0.47,($47.00),N,$3.16
05/08/2019,05/08/2019,05/09/2019,Margin,SPY,SPY 2019-05-10 Call $293.00,STC,-1,$0.44,$43.98,N,$50.16
05/08/2019,05/08/2019,05/09/2019,Margin,SPY,SPY 2019-05-10 Call $293.00,BTO,1,$0.39,($39.00),N,$6.18
05/07/2019,05/07/2019,05/08/2019,Margin,NFLX,NFLX 2019-05-10 Call $390.00,STC,-1,$0.45,$44.98,N,$45.18
05/06/2019,05/06/2019,05/07/2019,Margin,NFLX,NFLX 2019-05-10 Call $390.00,BTO,1,$1.88,($188.00),N,$0.20
05/06/2019,05/06/2019,05/07/2019,Margin,BAC,BAC 2019-06-21 Call $32.00,STC,-5,$0.35,$174.98,N,$188.20
05/03/2019,05/03/2019,05/06/2019,Margin,BAC,BAC 2019-06-21 Call $32.00,BTO,5,$0.42,($210.00),N,$13.22
05/03/2019,05/03/2019,05/06/2019,Margin,TSLA,TSLA 2019-07-19 Call $335.00,STC,-1,$2.19,$218.98,N,$223.22
05/03/2019,05/03/2019,05/06/2019,Margin,TSLA,TSLA 2019-07-19 Call $335.00,BTO,1,$2.20,($220.00),N,$4.24
05/02/2019,05/02/2019,05/03/2019,Margin,BA,BA 2019-05-10 Call $390.00,STC,-3,$0.74,$221.98,N,$224.24
05/01/2019,05/01/2019,05/02/2019,Margin,BA,BA 2019-05-10 Call $390.00,BTO,1,$1.05,($105.00),N,$2.26
05/01/2019,05/01/2019,05/02/2019,Margin,BA,BA 2019-05-10 Call $390.00,BTO,2,$1.46,($292.00),N,$107.26
05/01/2019,05/01/2019,05/02/2019,Margin,BABA,BABA 2019-05-10 Call $190.00,STC,-1,$3.65,$364.98,N,$399.26
04/30/2019,04/30/2019,05/01/2019,Margin,BABA,BABA 2019-05-10 Call $190.00,BTO,1,$1.81,($181.00),N,$34.28
04/29/2019,04/29/2019,04/30/2019,Margin,BA,BA 2019-05-17 Call $395.00,STC,-1,$1.94,$193.98,N,$215.28
04/29/2019,04/29/2019,04/30/2019,Margin,BA,BA 2019-05-17 Call $395.00,BTO,1,$3.25,($325.00),N,$21.30
04/29/2019,04/29/2019,04/30/2019,Margin,BAC,BAC 2019-05-03 Call $31.00,STC,-1,$0.31,$30.98,N,$346.30
04/29/2019,04/29/2019,04/30/2019,Margin,BAC,BAC 2019-05-10 Call $30.50,STC,-1,$0.78,$77.98,N,$315.32
04/29/2019,04/29/2019,04/30/2019,Margin,BAC,BAC 2019-05-10 Call $30.50,STC,-2,$0.78,$155.98,N,$237.34
04/29/2019,04/29/2019,04/30/2019,Margin,BAC,BAC 2019-05-10 Call $30.50,STC,-1,$0.78,$77.98,N,$81.36
04/18/2019,04/18/2019,04/18/2019,Margin,--,Option Expiration for TSLA 2019-04-18 call $445.00,OEXP,1S,,--,N,$3.38
04/17/2019,04/17/2019,04/18/2019,Margin,BAC,BAC 2019-05-03 Call $31.00,BTO,1,$0.15,($15.00),N,$3.38
04/16/2019,04/16/2019,04/17/2019,Margin,BAC,BAC 2019-05-10 Call $30.50,BTO,1,$0.44,($44.00),N,$18.38
04/16/2019,04/16/2019,04/17/2019,Margin,BAC,BAC 2019-05-10 Call $30.50,BTO,1,$0.44,($44.00),N,$62.38
04/16/2019,04/16/2019,04/17/2019,Margin,BAC,BAC 2019-05-10 Call $30.50,BTO,2,$0.44,($88.00),N,$106.38
04/16/2019,04/16/2019,04/17/2019,Margin,TSLA,TSLA 2019-05-31 Call $360.00,STC,-1,$1.41,$140.98,N,$194.38
04/16/2019,04/16/2019,04/17/2019,Margin,TSLA,TSLA 2019-05-31 Call $360.00,BTO,1,$1.45,($145.00),N,$53.40
04/16/2019,04/16/2019,04/17/2019,Margin,BAC,BAC 2019-05-17 Call $30.00,STC,-1,$0.44,$43.98,N,$198.40
04/16/2019,04/16/2019,04/17/2019,Margin,BAC,BAC 2019-05-17 Call $30.00,STC,-1,$0.44,$43.98,N,$154.42
04/16/2019,04/16/2019,04/17/2019,Margin,BAC,BAC 2019-05-17 Call $30.00,STC,-2,$0.44,$87.98,N,$110.44
04/10/2019,04/10/2019,04/11/2019,Margin,BAC,BAC 2019-05-17 Call $30.00,BTO,4,$0.50,($200.00),N,$22.46
04/08/2019,04/08/2019,04/09/2019,Margin,DIS,DIS 2019-04-26 Call $120.00,STC,-1,$0.54,$53.98,N,$222.46
04/08/2019,04/08/2019,04/09/2019,Margin,DIS,DIS 2019-04-26 Call $120.00,BTO,1,$0.70,($70.00),N,$168.48
04/03/2019,04/03/2019,04/04/2019,Margin,NVDA,NVDA 2019-04-05 Call $190.00,STC,-1,$2.30,$229.98,N,$238.48
04/01/2019,04/01/2019,04/02/2019,Margin,NVDA,NVDA 2019-04-05 Call $190.00,BTO,1,$0.64,($64.00),N,$8.50
04/01/2019,04/01/2019,04/01/2019,Margin,,ACH Deposit,ACH,--,,$70.00,N,$72.50
02/15/2019,02/15/2019,02/15/2019,Margin,--,Option Expiration for ABBV 2019-02-15 call $95.00,OEXP,1S,,--,N,$2.50
02/08/2019,02/08/2019,02/11/2019,Margin,TSLA,TSLA 2019-04-18 Call $445.00,BTO,1,$0.51,($51.00),N,$2.50
02/06/2019,02/06/2019,02/07/2019,Margin,IBM,IBM 2019-02-08 Call $136.00,STC,-1,$0.53,$52.98,N,$53.50
02/05/2019,02/05/2019,02/06/2019,Margin,IBM,IBM 2019-02-08 Call $136.00,BTO,1,$0.28,($28.00),N,$0.52
02/05/2019,02/05/2019,02/05/2019,Margin,,ACH Deposit,ACH,--,,$28.00,N,$28.52
01/22/2019,01/22/2019,01/23/2019,Margin,ABBV,ABBV 2019-02-15 Call $95.00,BTO,1,$0.58,($58.00),N,$0.52
01/22/2019,01/22/2019,01/22/2019,Margin,,ACH Deposit,ACH,--,,$10.00,N,$58.52
01/18/2019,01/18/2019,01/22/2019,Margin,NFLX,NFLX 2019-02-08 Call $410.00,STC,-1,$0.48,$47.98,N,$48.52
01/18/2019,01/18/2019,01/22/2019,Margin,NFLX,NFLX 2019-02-08 Call $410.00,BTO,1,$0.49,($49.00),N,$0.54
01/18/2019,01/18/2019,01/22/2019,Margin,NVDA,NVDA 2019-01-25 Put $140.00,STC,-1,$0.32,$31.98,N,$49.54
01/17/2019,01/17/2019,01/18/2019,Margin,NVDA,NVDA 2019-01-25 Put $140.00,BTO,1,$0.61,($61.00),N,$17.56
01/17/2019,01/17/2019,01/17/2019,Margin,,ACH Deposit,ACH,--,,$75.00,N,$78.56
01/04/2019,01/04/2019,01/04/2019,Margin,--,Option Expiration for NVDA 2019-01-04 call $149.00,OEXP,1S,,--,N,$3.56
12/28/2018,12/28/2018,12/31/2018,Margin,NVDA,NVDA 2019-01-04 Call $149.00,BTO,1,$0.59,($59.00),N,$3.56
12/19/2018,12/19/2018,12/20/2018,Margin,AMZN,"AMZN 2019-01-04 Call $1,900.00",STC,-1,$0.62,$61.98,N,$62.56
12/17/2018,12/17/2018,12/18/2018,Margin,AMZN,"AMZN 2019-01-04 Call $1,900.00",BTO,1,$1.31,($131.00),N,$0.58
12/17/2018,12/17/2018,12/18/2018,Margin,SQ,SQ 2019-01-18 Call $70.00,STC,-1,$1.15,$114.98,N,$131.58
12/12/2018,12/12/2018,12/13/2018,Margin,SQ,SQ 2019-01-18 Call $70.00,BTO,1,$2.50,($250.00),N,$16.60
12/12/2018,12/12/2018,12/13/2018,Margin,GOOGL,"GOOGL 2018-12-21 Call $1,145.00",STC,-1,$2.60,$259.98,N,$266.60
12/11/2018,12/11/2018,12/12/2018,Margin,GOOGL,"GOOGL 2018-12-21 Call $1,145.00",BTO,1,$1.55,($155.00),N,$6.62
12/11/2018,12/11/2018,12/12/2018,Margin,QQQ,QQQ 2018-12-21 Put $160.50,STC,-1,$1.60,$159.98,N,$161.62
12/11/2018,12/11/2018,12/12/2018,Margin,QQQ,QQQ 2018-12-21 Put $160.50,BTO,1,$1.33,($133.00),N,$1.64
12/11/2018,12/11/2018,12/12/2018,Margin,BABA,BABA 2018-12-28 Put $140.00,STC,-1,$1.12,$111.98,N,$134.64
12/11/2018,12/11/2018,12/12/2018,Margin,NVDA,NVDA 2018-12-14 Put $135.00,STC,-1,$0.18,$17.98,N,$22.66
12/10/2018,12/10/2018,12/11/2018,Margin,NVDA,NVDA 2018-12-14 Put $135.00,BTO,1,$0.64,($64.00),N,$4.68
12/10/2018,12/10/2018,12/11/2018,Margin,BABA,BABA 2018-12-28 Put $140.00,BTO,1,$2.48,($248.00),N,$68.68
12/07/2018,12/07/2018,12/10/2018,Margin,QQQ,QQQ 2018-12-14 Put $164.50,STC,-1,$2.62,$261.98,N,$316.68
12/07/2018,12/07/2018,12/10/2018,Margin,QQQ,QQQ 2018-12-14 Put $164.50,BTO,1,$2.07,($207.00),N,$54.70
12/07/2018,12/07/2018,12/10/2018,Margin,TSLA,TSLA 2018-12-14 Call $400.00,STC,-1,$2.30,$229.98,N,$261.70
12/06/2018,12/06/2018,12/07/2018,Margin,TSLA,TSLA 2018-12-14 Call $400.00,BTO,1,$1.45,($145.00),N,$31.72
12/06/2018,12/06/2018,12/07/2018,Margin,TSLA,TSLA 2018-12-14 Call $400.00,STC,-1,$1.76,$175.98,N,$176.72
12/06/2018,12/06/2018,12/07/2018,Margin,TSLA,TSLA 2018-12-14 Call $400.00,BTO,1,$1.36,($136.00),N,$0.74
12/04/2018,12/04/2018,12/05/2018,Margin,TSLA,TSLA 2018-12-14 Call $400.00,STC,-1,$1.35,$134.98,N,$136.74
12/04/2018,12/04/2018,12/05/2018,Margin,TSLA,TSLA 2018-12-14 Call $400.00,BTO,1,$1.58,($158.00),N,$1.76
12/04/2018,12/04/2018,12/04/2018,Margin,,ACH Deposit,ACH,--,,$10.00,N,$159.76
12/04/2018,12/04/2018,12/05/2018,Margin,TSLA,TSLA 2018-12-14 Call $395.00,STC,-1,$1.49,$148.98,N,$149.76
12/03/2018,12/03/2018,12/04/2018,Margin,TSLA,TSLA 2018-12-14 Call $395.00,BTO,1,$1.23,($123.00),N,$0.78
12/03/2018,12/03/2018,12/03/2018,Margin,,ACH Deposit,ACH,--,,$10.00,N,$123.78
12/03/2018,12/03/2018,12/04/2018,Margin,TSLA,TSLA 2018-12-14 Call $400.00,STC,-1,$1.10,$109.98,N,$113.78
11/30/2018,11/30/2018,12/03/2018,Margin,TSLA,TSLA 2018-12-14 Call $400.00,BTO,1,$1.19,($119.00),N,$3.80
11/30/2018,11/30/2018,11/30/2018,Margin,,ACH Deposit,ACH,--,,$20.00,N,$122.80
11/30/2018,11/30/2018,12/03/2018,Margin,TLRY,TLRY 2018-12-07 Call $120.00,STC,-1,$0.50,$49.98,N,$102.80
11/29/2018,11/29/2018,11/30/2018,Margin,TLRY,TLRY 2018-12-07 Call $120.00,BTO,1,$2.00,($200.00),N,$52.82
11/28/2018,11/28/2018,11/28/2018,Margin,,ACH Withdrawal,ACH,--,,($150.00),N,$252.82
11/27/2018,11/27/2018,11/28/2018,Margin,NVDA,NVDA 2018-12-07 Call $160.00,STC,-1,$3.40,$339.98,N,$402.82
11/26/2018,11/26/2018,11/27/2018,Margin,NVDA,NVDA 2018-12-07 Call $160.00,BTO,1,$1.87,($187.00),N,$62.84
11/26/2018,11/26/2018,11/27/2018,Margin,NVDA,NVDA 2018-12-07 Call $160.00,STC,-1,$1.89,$188.98,N,$249.84
11/26/2018,11/26/2018,11/27/2018,Margin,NVDA,NVDA 2018-12-07 Call $160.00,BTO,1,$2.18,($218.00),N,$60.86
11/23/2018,11/23/2018,11/26/2018,Margin,NVDA,NVDA 2018-12-07 Call $160.00,STC,-1,$2.22,$221.98,N,$278.86
11/23/2018,11/23/2018,11/26/2018,Margin,NVDA,NVDA 2018-12-07 Call $160.00,BTO,1,$2.73,($273.00),N,$56.88
11/20/2018,11/20/2018,11/21/2018,Margin,TSLA,TSLA 2019-01-18 Call $440.00,STC,-1,$2.80,$279.98,N,$329.88
11/15/2018,11/15/2018,11/16/2018,Margin,TSLA,TSLA 2019-01-18 Call $440.00,BTO,1,$3.15,($315.00),N,$49.90
11/15/2018,11/15/2018,11/16/2018,Margin,LULU,LULU 2018-11-23 Call $145.00,STC,-1,$0.45,$44.98,N,$364.90
11/14/2018,11/14/2018,11/15/2018,Margin,LULU,LULU 2018-11-23 Call $145.00,BTO,1,$1.45,($145.00),N,$319.92
11/14/2018,11/14/2018,11/15/2018,Margin,AMGN,AMGN 2018-11-16 Put $187.50,STC,-1,$0.76,$75.98,N,$464.92
11/14/2018,11/14/2018,11/15/2018,Margin,AMGN,AMGN 2018-11-16 Put $187.50,BTO,1,$1.12,($112.00),N,$388.94
11/14/2018,11/14/2018,11/14/2018,Margin,,ACH Withdrawal,ACH,--,,($65.00),N,$500.94
11/14/2018,11/14/2018,11/15/2018,Margin,QQQ,QQQ 2018-11-16 Put $167.00,STC,-1,$2.01,$200.98,N,$565.94
11/14/2018,11/14/2018,11/15/2018,Margin,QQQ,QQQ 2018-11-16 Put $167.00,BTO,1,$1.30,($130.00),N,$364.96
11/14/2018,11/14/2018,11/14/2018,Margin,,ACH Withdrawal,ACH,--,,($50.00),N,$494.96
11/13/2018,11/13/2018,11/14/2018,Margin,GS,GS 2019-01-18 Put $180.00,STC,-1,$2.52,$251.98,N,$544.96
11/12/2018,11/12/2018,11/13/2018,Margin,GS,GS 2019-01-18 Put $180.00,BTO,1,$2.27,($227.00),N,$292.98
11/12/2018,11/12/2018,11/12/2018,Margin,,Apex to RHS Conversion,CONV,--,,$205.04,N,$519.98
11/09/2018,11/09/2018,11/09/2018,Margin,--,SPY 11/12/2018 Put $279.00,CONV,1,,--,N,$314.94
11/09/2018,11/09/2018,11/09/2018,Margin,--,BMY 11/23/2018 Put $52.00,CONV,3,,--,N,$314.94
11/09/2018,11/09/2018,11/12/2018,Margin,QQQ,QQQ 2018-11-16 Put $170.00,STC,-1,$2.00,$199.98,N,$314.94
11/09/2018,11/09/2018,11/12/2018,Margin,BMY,BMY 2018-11-23 Put $52.00,STC,-3,$0.50,$149.98,N,$114.96
11/09/2018,11/09/2018,11/12/2018,Margin,QQQ,QQQ 2018-11-16 Put $170.00,BTO,1,$1.70,($170.00),N,($35.02)
11/09/2018,11/09/2018,11/12/2018,Margin,SPY,SPY 2018-11-12 Put $279.00,STC,-1,$1.35,$134.98,N,$134.98
"Robinhood does not provide tax or legal advice. Please consult your tax advisor for questions regarding your specific tax situation. This information is provided as a courtesy for informational purposes only. It represents a snapshot in time and is not intended to be a comprehensive representation of account activity for tax or reporting purposes. Your brokerage account is with Robinhood Financial LLC and allows trading of equities and options, while digital assets trading is done through an account with Robinhood Crypto, LLC. Digital assets are not stocks and Robinhood Crypto is not a member of FINRA or the SIPC. Your digital asset investments are not covered by either FDIC or SIPC insurance. Report generated: 02/05/2023, 1:35:11 PM EST"
